<?xml version="1.0" encoding="UTF-8"?>
<!DOCTYPE html PUBLIC "-//W3C//DTD XHTML 1.0 Transitional//EN"
    "http://www.w3.org/TR/xhtml1/DTD/xhtml1-transitional.dtd">
<html xmlns="http://www.w3.org/1999/xhtml" xml:lang="en" lang="en">
 <head>
  <title>
</title>
<meta http-equiv="Content-Type" content="text/html;charset=utf-8" />
  <meta name='ocr-system' content='tesseract 3.04.00' />
  <meta name='ocr-capabilities' content='ocr_page ocr_carea ocr_par ocr_line ocrx_word'/>
</head>
<body>
  <div class='ocr_page' id='page_1' title='image "./theologiamorali03heilgoog_0108.png"; bbox 0 0 2617 4192; ppageno 0'>
   <div class='ocr_carea' id='block_1_1' title="bbox 142 206 1153 503">
    <p class='ocr_par' dir='ltr' id='par_1_1' title="bbox 142 206 1153 503">
     <span class='ocr_line' id='line_1_1' title="bbox 146 206 849 293; baseline 0.009 -32"><span class='ocrx_word' id='word_1_1' title='bbox 146 206 225 293; x_wconf 60' lang='lat' dir='ltr'><strong>periit</strong></span> <span class='ocrx_word' id='word_1_2' title='bbox 460 208 624 267; x_wconf 70' lang='lat' dir='ltr'><strong>montotto</strong></span> <span class='ocrx_word' id='word_1_3' title='bbox 637 210 849 281; x_wconf 73' lang='lat' dir='ltr'><strong>Pretepooreno.</strong></span> 
     </span>
     <span class='ocr_line' id='line_1_2' title="bbox 142 290 1153 369; baseline 0.01 -23"><span class='ocrx_word' id='word_1_4' title='bbox 142 290 147 295; x_wconf 84' lang='grc'><em>“</em></span> <span class='ocrx_word' id='word_1_5' title='bbox 180 292 240 349; x_wconf 78' lang='lat' dir='ltr'><strong>&#39;iria</strong></span> <span class='ocrx_word' id='word_1_6' title='bbox 258 301 344 350; x_wconf 81' lang='lat' dir='ltr'><strong>sotem</strong></span> <span class='ocrx_word' id='word_1_7' title='bbox 363 295 390 349; x_wconf 91' lang='lat' dir='ltr'><strong>in</strong></span> <span class='ocrx_word' id='word_1_8' title='bbox 409 298 527 364; x_wconf 87' lang='lat' dir='ltr'><strong>quolibet</strong></span> <span class='ocrx_word' id='word_1_9' title='bbox 543 300 660 353; x_wconf 82' lang='lat' dir='ltr'>Concilio</span> <span class='ocrx_word' id='word_1_10' title='bbox 675 303 827 366; x_wconf 83' lang='lat' dir='ltr'><strong>pertractari</strong></span> <span class='ocrx_word' id='word_1_11' title='bbox 840 311 966 369; x_wconf 75' lang='lat' dir='ltr'><strong>possunt,</strong></span> <span class='ocrx_word' id='word_1_12' title='bbox 985 315 1018 356; x_wconf 88' lang='lat' dir='ltr'><strong>ea</strong></span> <span class='ocrx_word' id='word_1_13' title='bbox 1034 303 1153 369; x_wconf 81' lang='lat' dir='ltr'><strong>scilieet,</strong></span> 
     </span>
     <span class='ocr_line' id='line_1_3' title="bbox 148 369 1152 503; baseline 0.009 -84"><span class='ocrx_word' id='word_1_14' title='bbox 148 380 206 503; x_wconf 59' lang='lat' dir='ltr'><strong>gns</strong></span> <span class='ocrx_word' id='word_1_15' title='bbox 227 369 259 419; x_wconf 91' lang='lat' dir='ltr'><strong>ad</strong></span> <span class='ocrx_word' id='word_1_16' title='bbox 277 370 369 430; x_wconf 87' lang='lat' dir='ltr'><strong>tidem,</strong></span> <span class='ocrx_word' id='word_1_17' title='bbox 390 370 494 434; x_wconf 81' lang='lat' dir='ltr'><strong>mores,</strong></span> <span class='ocrx_word' id='word_1_18' title='bbox 516 380 596 438; x_wconf 89' lang='lat' dir='ltr'><strong>atque</strong></span> <span class='ocrx_word' id='word_1_19' title='bbox 616 372 819 426; x_wconf 82' lang='lat' dir='ltr'><strong>ecelesiasticam</strong></span> <span class='ocrx_word' id='word_1_20' title='bbox 838 376 1005 438; x_wconf 70' lang='lat' dir='ltr'><strong>disciplinam</strong></span> <span class='ocrx_word' id='word_1_21' title='bbox 1024 369 1152 440; x_wconf 74' lang='lat' dir='ltr'><strong>spectant.</strong></span> 
     </span>
    </p>
   </div>
   <div class='ocr_carea' id='block_1_2' title="bbox 146 440 1155 783">
    <p class='ocr_par' dir='ltr' id='par_1_2' title="bbox 146 440 1155 783">
     <span class='ocr_line' id='line_1_4' title="bbox 172 440 1155 514; baseline 0.01 -24"><span class='ocrx_word' id='word_1_22' title='bbox 172 441 319 492; x_wconf 88' lang='lat' dir='ltr'><strong>namobrem</strong></span> <span class='ocrx_word' id='word_1_23' title='bbox 336 440 510 494; x_wconf 81' lang='lat' dir='ltr'><strong>Consiliorum</strong></span> <span class='ocrx_word' id='word_1_24' title='bbox 529 458 642 497; x_wconf 89' lang='lat' dir='ltr'><strong>canones</strong></span> <span class='ocrx_word' id='word_1_25' title='bbox 656 448 701 498; x_wconf 91' lang='lat' dir='ltr'><strong>alii</strong></span> <span class='ocrx_word' id='word_1_26' title='bbox 717 448 778 499; x_wconf 89' lang='lat' dir='ltr'><strong>ildei</strong></span> <span class='ocrx_word' id='word_1_27' title='bbox 795 455 869 508; x_wconf 88' lang='lat' dir='ltr'><strong>suut,</strong></span> <span class='ocrx_word' id='word_1_28' title='bbox 880 449 977 511; x_wconf 86' lang='lat' dir='ltr'><strong>quibus</strong></span> <span class='ocrx_word' id='word_1_29' title='bbox 990 460 1085 514; x_wconf 84' lang='lat' dir='ltr'><strong>nempe</strong></span> <span class='ocrx_word' id='word_1_30' title='bbox 1096 461 1155 513; x_wconf 76' lang='lat' dir='ltr'><strong>quse</strong></span> 
     </span>
     <span class='ocr_line' id='line_1_5' title="bbox 147 512 1154 583; baseline 0.008 -21"><span class='ocrx_word' id='word_1_31' title='bbox 147 512 275 563; x_wconf 85' lang='lat' dir='ltr'><strong>credenda</strong></span> <span class='ocrx_word' id='word_1_32' title='bbox 292 515 365 575; x_wconf 88' lang='lat' dir='ltr'><strong>sint,</strong></span> <span class='ocrx_word' id='word_1_33' title='bbox 382 528 491 583; x_wconf 78' lang='lat' dir='ltr'><strong>quaeque</strong></span> <span class='ocrx_word' id='word_1_34' title='bbox 509 517 524 569; x_wconf 79' lang='lat' dir='ltr'><strong>lt</strong></span> <span class='ocrx_word' id='word_1_35' title='bbox 545 516 597 570; x_wconf 86' lang='lat' dir='ltr'><strong>tide</strong></span> <span class='ocrx_word' id='word_1_36' title='bbox 619 519 764 571; x_wconf 86' lang='lat' dir='ltr'><strong>abdicanda</strong></span> <span class='ocrx_word' id='word_1_37' title='bbox 785 520 963 579; x_wconf 70' lang='lat' dir='ltr'><strong>deliniuntur,</strong></span> <span class='ocrx_word' id='word_1_38' title='bbox 984 521 1030 571; x_wconf 89' lang='lat' dir='ltr'><strong>alii</strong></span> <span class='ocrx_word' id='word_1_39' title='bbox 1051 530 1154 570; x_wconf 89' lang='lat' dir='ltr'><strong>morum</strong></span> 
     </span>
     <span class='ocr_line' id='line_1_6' title="bbox 146 585 1152 657; baseline 0.008 -23"><span class='ocrx_word' id='word_1_40' title='bbox 146 585 193 649; x_wconf 87' lang='lat' dir='ltr'><strong>qui</strong></span> <span class='ocrx_word' id='word_1_41' title='bbox 205 596 261 650; x_wconf 82' lang='lat' dir='ltr'><strong>quae</strong></span> <span class='ocrx_word' id='word_1_42' title='bbox 273 587 370 649; x_wconf 68' lang='lat' dir='ltr'><strong>agenda</strong></span> <span class='ocrx_word' id='word_1_43' title='bbox 388 588 453 650; x_wconf 88' lang='lat' dir='ltr'><strong>sint,</strong></span> <span class='ocrx_word' id='word_1_44' title='bbox 465 586 512 640; x_wconf 81' lang='lat' dir='ltr'><strong>aiut</strong></span> <span class='ocrx_word' id='word_1_45' title='bbox 527 589 650 657; x_wconf 81' lang='lat' dir='ltr'><strong>fugienda</strong></span> <span class='ocrx_word' id='word_1_46' title='bbox 662 627 670 649; x_wconf 89' lang='lat'><strong>,</strong></span> <span class='ocrx_word' id='word_1_47' title='bbox 684 592 791 654; x_wconf 79' lang='lat' dir='ltr'><strong>docent3</strong></span> <span class='ocrx_word' id='word_1_48' title='bbox 809 593 854 643; x_wconf 88' lang='lat' dir='ltr'><strong>alii</strong></span> <span class='ocrx_word' id='word_1_49' title='bbox 873 592 977 643; x_wconf 90' lang='lat' dir='ltr'><strong>demum</strong></span> <span class='ocrx_word' id='word_1_50' title='bbox 991 592 1152 655; x_wconf 78' lang='lat' dir='ltr'><strong>disciplinae,</strong></span> 
     </span>
     <span class='ocr_line' id='line_1_7' title="bbox 146 656 1153 781; baseline 0.011 -76"><span class='ocrx_word' id='word_1_51' title='bbox 146 656 242 781; x_wconf 56' lang='lat' dir='ltr'><strong>qulbus</strong></span> <span class='ocrx_word' id='word_1_52' title='bbox 250 659 451 713; x_wconf 86' lang='lat' dir='ltr'><strong>eonsuetudines</strong></span> <span class='ocrx_word' id='word_1_53' title='bbox 462 661 495 714; x_wconf 83' lang='lat' dir='ltr'><strong>ad</strong></span> <span class='ocrx_word' id='word_1_54' title='bbox 507 661 680 716; x_wconf 76' lang='lat' dir='ltr'><strong>Ecclesiumm</strong></span> <span class='ocrx_word' id='word_1_55' title='bbox 691 665 808 730; x_wconf 74' lang='lat' dir='ltr'><strong>regimen</strong></span> <span class='ocrx_word' id='word_1_56' title='bbox 819 699 827 727; x_wconf 93' lang='lat'><strong>,</strong></span> <span class='ocrx_word' id='word_1_57' title='bbox 839 672 866 718; x_wconf 87' lang='lat' dir='ltr'><strong>et</strong></span> <span class='ocrx_word' id='word_1_58' title='bbox 877 665 998 718; x_wconf 81' lang='lat' dir='ltr'><strong>ordinem</strong></span> <span class='ocrx_word' id='word_1_59' title='bbox 1010 665 1153 731; x_wconf 78' lang='lat' dir='ltr'><strong>aptissime</strong></span> 
     </span>
     <span class='ocr_line' id='line_1_8' title="bbox 146 737 348 783; baseline 0.005 -1"><span class='ocrx_word' id='word_1_60' title='bbox 146 737 220 783; x_wconf 81' lang='lat' dir='ltr'><strong>toust</strong></span> <span class='ocrx_word' id='word_1_61' title='bbox 232 737 348 783; x_wconf 84' lang='lat' dir='ltr'><strong>luuntur.</strong></span> 
     </span>
    </p>
   </div>
   <div class='ocr_carea' id='block_1_3' title="bbox 609 926 686 993">
    <p class='ocr_par' dir='ltr' id='par_1_3' title="bbox 609 926 686 993">
     <span class='ocr_line' id='line_1_9' title="bbox 609 926 686 993; baseline -0.013 -14"><span class='ocrx_word' id='word_1_62' title='bbox 609 926 635 993; x_wconf 70' lang='lat' dir='ltr'><strong>s.</strong></span> <span class='ocrx_word' id='word_1_63' title='bbox 652 928 686 979; x_wconf 85' lang='lat' dir='ltr'><strong>n.</strong></span> 
     </span>
    </p>
   </div>
   <div class='ocr_carea' id='block_1_4' title="bbox 259 1088 1138 1187">
    <p class='ocr_par' dir='ltr' id='par_1_4' title="bbox 259 1088 1138 1187">
     <span class='ocr_line' id='line_1_10' title="bbox 259 1088 1138 1187; baseline 0.007 -23"><span class='ocrx_word' id='word_1_64' title='bbox 259 1102 305 1165; x_wconf 87' lang='lat' dir='ltr'><strong>De</strong></span> <span class='ocrx_word' id='word_1_65' title='bbox 322 1120 392 1165; x_wconf 87' lang='lat' dir='ltr'><strong>vero</strong></span> <span class='ocrx_word' id='word_1_66' title='bbox 408 1121 464 1165; x_wconf 89' lang='lat' dir='ltr'><strong>usu</strong></span> <span class='ocrx_word' id='word_1_67' title='bbox 478 1104 678 1168; x_wconf 78' lang='lat' dir='ltr'><strong>Consiliorum</strong></span> <span class='ocrx_word' id='word_1_68' title='bbox 696 1108 729 1167; x_wconf 85' lang='lat' dir='ltr'><strong>in</strong></span> <span class='ocrx_word' id='word_1_69' title='bbox 741 1108 844 1169; x_wconf 81' lang='lat' dir='ltr'><strong>Murali</strong></span> <span class='ocrx_word' id='word_1_70' title='bbox 864 1106 1031 1187; x_wconf 81' lang='lat' dir='ltr'><strong>Theologiu.</strong></span> <span class='ocrx_word' id='word_1_71' title='bbox 1135 1088 1138 1091; x_wconf 10' lang='grc' dir='ltr'><strong>Δ</strong></span> 
     </span>
    </p>
   </div>
   <div class='ocr_carea' id='block_1_5' title="bbox 139 1279 1148 1634">
    <p class='ocr_par' dir='ltr' id='par_1_5' title="bbox 139 1279 1148 1634">
     <span class='ocr_line' id='line_1_11' title="bbox 139 1279 1148 1418; baseline 0.002 -11"><span class='ocrx_word' id='word_1_72' title='bbox 139 1279 253 1408; x_wconf 69' lang='lat' dir='ltr'><strong>cnon</strong></span> <span class='ocrx_word' id='word_1_73' title='bbox 272 1353 293 1403; x_wconf 93' lang='lat' dir='ltr'><strong>l.</strong></span> <span class='ocrx_word' id='word_1_74' title='bbox 311 1350 426 1404; x_wconf 83' lang='lat' dir='ltr'><strong>concilia</strong></span> <span class='ocrx_word' id='word_1_75' title='bbox 443 1352 544 1414; x_wconf 87' lang='lat' dir='ltr'><strong>omnia,</strong></span> <span class='ocrx_word' id='word_1_76' title='bbox 561 1322 618 1417; x_wconf 74' lang='lat' dir='ltr'><strong>quae</strong></span> <span class='ocrx_word' id='word_1_77' title='bbox 633 1352 743 1409; x_wconf 85' lang='lat' dir='ltr'><strong>Romani</strong></span> <span class='ocrx_word' id='word_1_78' title='bbox 764 1354 897 1406; x_wconf 68' lang='lat' dir='ltr'><strong>pontilicis</strong></span> <span class='ocrx_word' id='word_1_79' title='bbox 912 1355 1083 1418; x_wconf 80' lang='lat' dir='ltr'><strong>authoritate,</strong></span> <span class='ocrx_word' id='word_1_80' title='bbox 1099 1369 1148 1410; x_wconf 87' lang='lat' dir='ltr'><strong>neo</strong></span> 
     </span>
     <span class='ocr_line' id='line_1_12' title="bbox 142 1425 1147 1499; baseline 0.003 -23"><span class='ocrx_word' id='word_1_81' title='bbox 142 1431 310 1499; x_wconf 74' lang='lat' dir='ltr'><strong>congregata,</strong></span> <span class='ocrx_word' id='word_1_82' title='bbox 322 1437 370 1475; x_wconf 88' lang='lat' dir='ltr'><strong>nec</strong></span> <span class='ocrx_word' id='word_1_83' title='bbox 384 1425 535 1476; x_wconf 84' lang='lat' dir='ltr'><strong>confirmata</strong></span> <span class='ocrx_word' id='word_1_84' title='bbox 549 1432 622 1485; x_wconf 90' lang='lat' dir='ltr'><strong>sunt,</strong></span> <span class='ocrx_word' id='word_1_85' title='bbox 636 1436 723 1476; x_wconf 87' lang='lat' dir='ltr'><strong>errare</strong></span> <span class='ocrx_word' id='word_1_86' title='bbox 738 1425 766 1475; x_wconf 93' lang='lat' dir='ltr'><strong>in</strong></span> <span class='ocrx_word' id='word_1_87' title='bbox 783 1426 901 1477; x_wconf 86' lang='lat' dir='ltr'><strong>doctrina</strong></span> <span class='ocrx_word' id='word_1_88' title='bbox 912 1439 1013 1478; x_wconf 90' lang='lat' dir='ltr'><strong>morum</strong></span> <span class='ocrx_word' id='word_1_89' title='bbox 1024 1437 1147 1493; x_wconf 82' lang='lat' dir='ltr'><strong>possunt,</strong></span> 
     </span>
     <span class='ocr_line' id='line_1_13' title="bbox 141 1496 1146 1634; baseline 0.006 -87"><span class='ocrx_word' id='word_1_90' title='bbox 141 1497 415 1634; x_wconf 47' lang='grc' dir='ltr'><strong>ἔξὲιὲᾝέἱίἶάοξηαω</strong></span> <span class='ocrx_word' id='word_1_91' title='bbox 430 1496 509 1549; x_wconf 86' lang='lat' dir='ltr'><strong>iidem</strong></span> <span class='ocrx_word' id='word_1_92' title='bbox 524 1497 609 1550; x_wconf 83' lang='lat' dir='ltr'><strong>iacere</strong></span> <span class='ocrx_word' id='word_1_93' title='bbox 621 1504 754 1562; x_wconf 85' lang='lat' dir='ltr'><strong>nequeunt</strong></span> <span class='ocrx_word' id='word_1_94' title='bbox 769 1510 943 1563; x_wconf 71' lang='lat' dir='ltr'><strong>eorumquae</strong></span> <span class='ocrx_word' id='word_1_95' title='bbox 961 1500 1061 1568; x_wconf 68' lang='lat' dir='ltr'><strong>agenda</strong></span> <span class='ocrx_word' id='word_1_96' title='bbox 1072 1509 1146 1563; x_wconf 86' lang='lat' dir='ltr'><strong>sunt,</strong></span> 
     </span>
    </p>
   </div>
   <div class='ocr_carea' id='block_1_6' title="bbox 103 1645 1148 2588">
    <p class='ocr_par' dir='ltr' id='par_1_6' title="bbox 103 1645 1148 2588">
     <span class='ocr_line' id='line_1_14' title="bbox 103 1645 1147 1714; baseline 0 -10"><span class='ocrx_word' id='word_1_97' title='bbox 103 1668 105 1673; x_wconf 87' lang='lat'><em>·</em></span> <span class='ocrx_word' id='word_1_98' title='bbox 174 1652 204 1704; x_wconf 93' lang='lat' dir='ltr'><strong>ld</strong></span> <span class='ocrx_word' id='word_1_99' title='bbox 218 1664 280 1704; x_wconf 82' lang='lat' dir='ltr'><strong>sone</strong></span> <span class='ocrx_word' id='word_1_100' title='bbox 292 1650 388 1703; x_wconf 81' lang='lat' dir='ltr'><strong>inuicta</strong></span> <span class='ocrx_word' id='word_1_101' title='bbox 399 1649 501 1703; x_wconf 87' lang='lat' dir='ltr'><strong>ratione</strong></span> <span class='ocrx_word' id='word_1_102' title='bbox 513 1649 685 1701; x_wconf 88' lang='lat' dir='ltr'><strong>demonstrari</strong></span> <span class='ocrx_word' id='word_1_103' title='bbox 698 1654 793 1714; x_wconf 81' lang='lat' dir='ltr'><strong>potest.</strong></span> <span class='ocrx_word' id='word_1_104' title='bbox 810 1651 875 1701; x_wconf 77' lang='lat' dir='ltr'><strong>llam</strong></span> <span class='ocrx_word' id='word_1_105' title='bbox 885 1645 1015 1714; x_wconf 82' lang='lat' dir='ltr'><strong>ejusmodi</strong></span> <span class='ocrx_word' id='word_1_106' title='bbox 1023 1650 1147 1713; x_wconf 71' lang='lat' dir='ltr'><strong>⁴Conessia</strong></span> 
     </span>
     <span class='ocr_line' id='line_1_15' title="bbox 142 1722 1148 1790; baseline -0.002 -13"><span class='ocrx_word' id='word_1_107' title='bbox 142 1737 229 1778; x_wconf 88' lang='lat' dir='ltr'><strong>errare</strong></span> <span class='ocrx_word' id='word_1_108' title='bbox 248 1725 276 1776; x_wconf 92' lang='lat' dir='ltr'><strong>iu</strong></span> <span class='ocrx_word' id='word_1_109' title='bbox 297 1723 349 1778; x_wconf 88' lang='lat' dir='ltr'><strong>lide</strong></span> <span class='ocrx_word' id='word_1_110' title='bbox 369 1730 495 1790; x_wconf 78' lang='lat' dir='ltr'><strong>possunt,</strong></span> <span class='ocrx_word' id='word_1_111' title='bbox 518 1725 689 1782; x_wconf 79' lang='lat' dir='ltr'><strong>utacum,</strong></span> <span class='ocrx_word' id='word_1_112' title='bbox 710 1723 884 1784; x_wconf 86' lang='lat' dir='ltr'><strong>Bellarmino,</strong></span> <span class='ocrx_word' id='word_1_113' title='bbox 905 1722 1012 1782; x_wconf 86' lang='lat' dir='ltr'><strong>Suario,</strong></span> <span class='ocrx_word' id='word_1_114' title='bbox 1034 1723 1148 1788; x_wconf 84' lang='lat' dir='ltr'><strong>aliisque</strong></span> 
     </span>
     <span class='ocr_line' id='line_1_16' title="bbox 140 1793 1147 1862; baseline -0.002 -11"><span class='ocrx_word' id='word_1_115' title='bbox 140 1798 280 1862; x_wconf 73' lang='lat' dir='ltr'><strong>theologis</strong></span> <span class='ocrx_word' id='word_1_116' title='bbox 296 1795 501 1851; x_wconf 86' lang='lat' dir='ltr'><strong>demonstratum</strong></span> <span class='ocrx_word' id='word_1_117' title='bbox 516 1796 616 1860; x_wconf 83' lang='lat' dir='ltr'><strong>pridem</strong></span> <span class='ocrx_word' id='word_1_118' title='bbox 631 1804 688 1856; x_wconf 89' lang='lat' dir='ltr'><strong>est,</strong></span> <span class='ocrx_word' id='word_1_119' title='bbox 707 1809 739 1847; x_wconf 85' lang='lat' dir='ltr'><strong>ex</strong></span> <span class='ocrx_word' id='word_1_120' title='bbox 756 1793 911 1846; x_wconf 84' lang='lat' dir='ltr'><strong>certissimis</strong></span> <span class='ocrx_word' id='word_1_121' title='bbox 923 1794 1075 1846; x_wconf 77' lang='lat' dir='ltr'><strong>Pontificum</strong></span> <span class='ocrx_word' id='word_1_122' title='bbox 1091 1797 1147 1849; x_wconf 82' lang='lat' dir='ltr'><strong>Ro-</strong></span> 
     </span>
     <span class='ocr_line' id='line_1_17' title="bbox 140 1867 1145 1936; baseline -0.006 -11"><span class='ocrx_word' id='word_1_123' title='bbox 140 1876 293 1932; x_wconf 85' lang='lat' dir='ltr'><strong>manorum,</strong></span> <span class='ocrx_word' id='word_1_124' title='bbox 309 1867 478 1936; x_wconf 85' lang='lat' dir='ltr'><strong>ipsorumque</strong></span> <span class='ocrx_word' id='word_1_125' title='bbox 495 1871 668 1923; x_wconf 83' lang='lat' dir='ltr'><strong>conciliorum</strong></span> <span class='ocrx_word' id='word_1_126' title='bbox 687 1867 854 1921; x_wconf 86' lang='lat' dir='ltr'><strong>testimoniis.</strong></span> <span class='ocrx_word' id='word_1_127' title='bbox 875 1867 941 1929; x_wconf 79' lang='lat' dir='ltr'><strong>Quid</strong></span> <span class='ocrx_word' id='word_1_128' title='bbox 956 1879 1019 1931; x_wconf 80' lang='lat' dir='ltr'><strong>ergo</strong></span> <span class='ocrx_word' id='word_1_129' title='bbox 1034 1867 1145 1930; x_wconf 85' lang='lat' dir='ltr'><strong>mirum,</strong></span> 
     </span>
     <span class='ocr_line' id='line_1_18' title="bbox 140 1939 1145 2008; baseline -0.003 -11"><span class='ocrx_word' id='word_1_130' title='bbox 140 1946 287 1997; x_wconf 87' lang='lat' dir='ltr'><strong>erraroilla</strong></span> <span class='ocrx_word' id='word_1_131' title='bbox 303 1945 424 2008; x_wconf 88' lang='lat' dir='ltr'><strong>possein</strong></span> <span class='ocrx_word' id='word_1_132' title='bbox 442 1954 544 1996; x_wconf 85' lang='lat' dir='ltr'><strong>morum</strong></span> <span class='ocrx_word' id='word_1_133' title='bbox 561 1941 697 1994; x_wconf 72' lang='lat' dir='ltr'><strong>doctrina?</strong></span> <span class='ocrx_word' id='word_1_134' title='bbox 715 1941 766 1992; x_wconf 85' lang='lat' dir='ltr'><strong>Sed</strong></span> <span class='ocrx_word' id='word_1_135' title='bbox 784 1954 817 1992; x_wconf 84' lang='lat' dir='ltr'><strong>ex</strong></span> <span class='ocrx_word' id='word_1_136' title='bbox 837 1940 922 1991; x_wconf 85' lang='lat' dir='ltr'><strong>trihus</strong></span> <span class='ocrx_word' id='word_1_137' title='bbox 936 1939 1145 1994; x_wconf 73' lang='lat' dir='ltr'><strong>prouincialibus</strong></span> 
     </span>
     <span class='ocr_line' id='line_1_19' title="bbox 140 2012 1143 2080; baseline -0.006 -10"><span class='ocrx_word' id='word_1_138' title='bbox 140 2019 262 2070; x_wconf 81' lang='lat' dir='ltr'><strong>conciliis</strong></span> <span class='ocrx_word' id='word_1_139' title='bbox 280 2018 425 2080; x_wconf 84' lang='lat' dir='ltr'><strong>exemplum</strong></span> <span class='ocrx_word' id='word_1_140' title='bbox 444 2016 557 2080; x_wconf 81' lang='lat' dir='ltr'><strong>pruteno.</strong></span> <span class='ocrx_word' id='word_1_141' title='bbox 573 2013 766 2066; x_wconf 80' lang='lat' dir='ltr'><strong>Matrimonium</strong></span> <span class='ocrx_word' id='word_1_142' title='bbox 780 2014 910 2076; x_wconf 88' lang='lat' dir='ltr'><strong>naturali,</strong></span> <span class='ocrx_word' id='word_1_143' title='bbox 928 2019 956 2064; x_wconf 92' lang='lat' dir='ltr'><strong>et</strong></span> <span class='ocrx_word' id='word_1_144' title='bbox 971 2012 1143 2076; x_wconf 68' lang='lat' dir='ltr'><strong>evangelieo,</strong></span> 
     </span>
     <span class='ocr_line' id='line_1_20' title="bbox 140 2084 1146 2157; baseline -0.006 -15"><span class='ocrx_word' id='word_1_145' title='bbox 140 2097 185 2157; x_wconf 79' lang='lat' dir='ltr'><strong>tut</strong></span> <span class='ocrx_word' id='word_1_146' title='bbox 196 2097 266 2140; x_wconf 87' lang='lat' dir='ltr'><strong>certe</strong></span> <span class='ocrx_word' id='word_1_147' title='bbox 278 2088 326 2138; x_wconf 88' lang='lat' dir='ltr'><strong>lrao</strong></span> <span class='ocrx_word' id='word_1_148' title='bbox 337 2090 417 2155; x_wconf 83' lang='lat' dir='ltr'><strong>altera</strong></span> <span class='ocrx_word' id='word_1_149' title='bbox 428 2086 486 2151; x_wconf 75' lang='lat' dir='ltr'><strong>lege</strong></span> <span class='ocrx_word' id='word_1_150' title='bbox 499 2087 606 2138; x_wconf 87' lang='lat' dir='ltr'><strong>dissolri</strong></span> <span class='ocrx_word' id='word_1_151' title='bbox 624 2100 676 2137; x_wconf 91' lang='lat' dir='ltr'><strong>non</strong></span> <span class='ocrx_word' id='word_1_152' title='bbox 688 2098 783 2149; x_wconf 89' lang='lat' dir='ltr'><strong>posse,</strong></span> <span class='ocrx_word' id='word_1_153' title='bbox 797 2100 831 2138; x_wconf 90' lang='lat' dir='ltr'><strong>ne</strong></span> <span class='ocrx_word' id='word_1_154' title='bbox 847 2098 895 2149; x_wconf 86' lang='lat' dir='ltr'><strong>per</strong></span> <span class='ocrx_word' id='word_1_155' title='bbox 910 2084 1068 2136; x_wconf 79' lang='lat' dir='ltr'><strong>adulterium</strong></span> <span class='ocrx_word' id='word_1_156' title='bbox 1081 2087 1146 2149; x_wconf 83' lang='lat' dir='ltr'><strong>‹pti-</strong></span> 
     </span>
     <span class='ocr_line' id='line_1_21' title="bbox 139 2155 1145 2223; baseline -0.002 -11"><span class='ocrx_word' id='word_1_157' title='bbox 139 2161 197 2212; x_wconf 86' lang='lat' dir='ltr'><strong>dem</strong></span> <span class='ocrx_word' id='word_1_158' title='bbox 210 2159 361 2210; x_wconf 85' lang='lat' dir='ltr'><strong>alterutrius</strong></span> <span class='ocrx_word' id='word_1_159' title='bbox 373 2160 509 2223; x_wconf 78' lang='lat' dir='ltr'><strong>coniugis,</strong></span> <span class='ocrx_word' id='word_1_160' title='bbox 522 2166 621 2209; x_wconf 89' lang='lat' dir='ltr'><strong>eertum</strong></span> <span class='ocrx_word' id='word_1_161' title='bbox 632 2159 729 2217; x_wconf 85' lang='lat' dir='ltr'><strong>habet,</strong></span> <span class='ocrx_word' id='word_1_162' title='bbox 741 2158 895 2222; x_wconf 81' lang='lat' dir='ltr'><strong>firmumque</strong></span> <span class='ocrx_word' id='word_1_163' title='bbox 909 2155 1042 2208; x_wconf 78' lang='lat' dir='ltr'><strong>Cathollea</strong></span> <span class='ocrx_word' id='word_1_164' title='bbox 1052 2156 1145 2210; x_wconf 77' lang='lat' dir='ltr'><strong>little·</strong></span> 
     </span>
     <span class='ocr_line' id='line_1_22' title="bbox 138 2229 1144 2295; baseline 0 -12"><span class='ocrx_word' id='word_1_165' title='bbox 138 2233 187 2283; x_wconf 84' lang='lat' dir='ltr'><strong>sia.</strong></span> <span class='ocrx_word' id='word_1_166' title='bbox 209 2230 343 2282; x_wconf 75' lang='lat' dir='ltr'><strong>adulterio</strong></span> <span class='ocrx_word' id='word_1_167' title='bbox 364 2238 450 2281; x_wconf 87' lang='lat' dir='ltr'><strong>tamen</strong></span> <span class='ocrx_word' id='word_1_168' title='bbox 472 2231 579 2283; x_wconf 84' lang='lat' dir='ltr'><strong>dissolri</strong></span> <span class='ocrx_word' id='word_1_169' title='bbox 600 2241 679 2294; x_wconf 88' lang='lat' dir='ltr'><strong>posse</strong></span> <span class='ocrx_word' id='word_1_170' title='bbox 699 2232 866 2295; x_wconf 81' lang='lat' dir='ltr'><strong>eonjugium,</strong></span> <span class='ocrx_word' id='word_1_171' title='bbox 888 2229 980 2281; x_wconf 81' lang='lat' dir='ltr'><strong>statuit</strong></span> <span class='ocrx_word' id='word_1_172' title='bbox 1002 2230 1144 2292; x_wconf 69' lang='lat' dir='ltr'><strong>suplicans</strong></span> 
     </span>
     <span class='ocr_line' id='line_1_23' title="bbox 138 2300 1141 2368; baseline -0.001 -14"><span class='ocrx_word' id='word_1_173' title='bbox 138 2303 255 2368; x_wconf 76' lang='lat' dir='ltr'><strong>Synodus</strong></span> <span class='ocrx_word' id='word_1_174' title='bbox 266 2300 336 2364; x_wconf 85' lang='lat' dir='ltr'><strong>apud</strong></span> <span class='ocrx_word' id='word_1_175' title='bbox 347 2302 442 2353; x_wconf 84' lang='lat' dir='ltr'><strong>Bedam</strong></span> <span class='ocrx_word' id='word_1_176' title='bbox 454 2303 502 2354; x_wconf 84' lang='lat' dir='ltr'><strong>lin.</strong></span> <span class='ocrx_word' id='word_1_177' title='bbox 515 2303 540 2354; x_wconf 77' lang='lat' dir='ltr'><strong>l.</strong></span> <span class='ocrx_word' id='word_1_178' title='bbox 554 2302 615 2355; x_wconf 86' lang='lat' dir='ltr'><strong>hist.</strong></span> <span class='ocrx_word' id='word_1_179' title='bbox 633 2309 690 2368; x_wconf 89' lang='lat' dir='ltr'><strong>tap.</strong></span> <span class='ocrx_word' id='word_1_180' title='bbox 701 2304 727 2355; x_wconf 76' lang='lat' dir='ltr'><strong>ii.</strong></span> <span class='ocrx_word' id='word_1_181' title='bbox 739 2304 781 2354; x_wconf 85' lang='lat' dir='ltr'><strong>eui</strong></span> <span class='ocrx_word' id='word_1_182' title='bbox 796 2302 921 2355; x_wconf 86' lang='lat' dir='ltr'><strong>accedunt</strong></span> <span class='ocrx_word' id='word_1_183' title='bbox 932 2301 1141 2366; x_wconf 85' lang='lat' dir='ltr'><strong>Suessioneusis‚</strong></span> 
     </span>
     <span class='ocr_line' id='line_1_24' title="bbox 137 2372 1141 2439; baseline -0.002 -11"><span class='ocrx_word' id='word_1_184' title='bbox 137 2383 165 2428; x_wconf 90' lang='lat' dir='ltr'><strong>et</strong></span> <span class='ocrx_word' id='word_1_185' title='bbox 181 2374 381 2436; x_wconf 70' lang='lat' dir='ltr'><strong>limenensis,</strong></span> <span class='ocrx_word' id='word_1_186' title='bbox 399 2376 448 2426; x_wconf 85' lang='lat' dir='ltr'><strong>suh</strong></span> <span class='ocrx_word' id='word_1_187' title='bbox 468 2376 560 2438; x_wconf 76' lang='lat' dir='ltr'><strong>erpino</strong></span> <span class='ocrx_word' id='word_1_188' title='bbox 582 2386 643 2439; x_wconf 81' lang='lat' dir='ltr'><strong>rege</strong></span> <span class='ocrx_word' id='word_1_189' title='bbox 664 2381 754 2427; x_wconf 78' lang='lat' dir='ltr'><strong>octauo</strong></span> <span class='ocrx_word' id='word_1_190' title='bbox 777 2376 870 2426; x_wconf 60' lang='lat' dir='ltr'><strong>mulo</strong></span> <span class='ocrx_word' id='word_1_191' title='bbox 888 2375 1033 2424; x_wconf 78' lang='lat' dir='ltr'><strong>celebratae.</strong></span> <span class='ocrx_word' id='word_1_192' title='bbox 1049 2372 1141 2427; x_wconf 79' lang='lat' dir='ltr'><strong>Reddo</strong></span> 
     </span>
     <span class='ocr_line' id='line_1_25' title="bbox 135 2445 1141 2514; baseline -0.002 -13"><span class='ocrx_word' id='word_1_193' title='bbox 135 2449 314 2501; x_wconf 80' lang='lat' dir='ltr'><strong>vermeriense</strong></span> <span class='ocrx_word' id='word_1_194' title='bbox 325 2447 472 2510; x_wconf 81' lang='lat' dir='ltr'><strong>Capitulum</strong></span> <span class='ocrx_word' id='word_1_195' title='bbox 483 2449 508 2498; x_wconf 69' lang='lat' dir='ltr'><strong>t.</strong></span> <span class='ocrx_word' id='word_1_196' title='bbox 525 2446 555 2500; x_wconf 82' lang='lat' dir='ltr'><strong>Si</strong></span> <span class='ocrx_word' id='word_1_197' title='bbox 567 2445 671 2514; x_wconf 78' lang='lat' dir='ltr'><strong>uliquis</strong></span> <span class='ocrx_word' id='word_1_198' title='bbox 683 2461 746 2500; x_wconf 79' lang='lat' dir='ltr'><strong>tem</strong></span> <span class='ocrx_word' id='word_1_199' title='bbox 761 2446 885 2514; x_wconf 65' lang='lat' dir='ltr'><strong>filiastra</strong></span> <span class='ocrx_word' id='word_1_200' title='bbox 898 2458 953 2498; x_wconf 80' lang='lat' dir='ltr'><strong>tuo</strong></span> <span class='ocrx_word' id='word_1_201' title='bbox 966 2449 1077 2505; x_wconf 83' lang='lat' dir='ltr'><strong>monet,</strong></span> <span class='ocrx_word' id='word_1_202' title='bbox 1090 2457 1141 2499; x_wconf 79' lang='lat' dir='ltr'><strong>tter</strong></span> 
     </span>
     <span class='ocr_line' id='line_1_26' title="bbox 137 2515 1141 2588; baseline -0.008 -12"><span class='ocrx_word' id='word_1_203' title='bbox 137 2520 276 2583; x_wconf 76' lang='lat' dir='ltr'><strong>Matrem,</strong></span> <span class='ocrx_word' id='word_1_204' title='bbox 288 2531 337 2572; x_wconf 81' lang='lat' dir='ltr'><strong>ute</strong></span> <span class='ocrx_word' id='word_1_205' title='bbox 352 2517 441 2586; x_wconf 73' lang='lat' dir='ltr'><strong>tilium</strong></span> <span class='ocrx_word' id='word_1_206' title='bbox 453 2518 543 2588; x_wconf 82' lang='lat' dir='ltr'><strong>ipsius</strong></span> <span class='ocrx_word' id='word_1_207' title='bbox 557 2522 647 2587; x_wconf 77' lang='lat' dir='ltr'><strong>potest</strong></span> <span class='ocrx_word' id='word_1_208' title='bbox 664 2517 772 2572; x_wconf 77' lang='lat' dir='ltr'><strong>tulero.</strong></span> <span class='ocrx_word' id='word_1_209' title='bbox 784 2522 838 2572; x_wconf 80' lang='lat' dir='ltr'><strong>Neo</strong></span> <span class='ocrx_word' id='word_1_210' title='bbox 851 2516 918 2579; x_wconf 81' lang='lat' dir='ltr'><strong>tlte,</strong></span> <span class='ocrx_word' id='word_1_211' title='bbox 929 2530 981 2570; x_wconf 76' lang='lat' dir='ltr'><strong>uer</strong></span> <span class='ocrx_word' id='word_1_212' title='bbox 994 2515 1049 2569; x_wconf 83' lang='lat' dir='ltr'><strong>ilio</strong></span> <span class='ocrx_word' id='word_1_213' title='bbox 1063 2515 1141 2583; x_wconf 72' lang='lat' dir='ltr'><strong>filio-</strong></span> 
     </span>
    </p>
   </div>
   <div class='ocr_carea' id='block_1_7' title="bbox 136 2590 1237 2662">
    <p class='ocr_par' dir='ltr' id='par_1_7' title="bbox 136 2590 1237 2662">
     <span class='ocr_line' id='line_1_27' title="bbox 136 2590 1237 2662; baseline -0.005 -15"><span class='ocrx_word' id='word_1_214' title='bbox 136 2590 273 2647; x_wconf 81' lang='lat' dir='ltr'><strong>atrooliio</strong></span> <span class='ocrx_word' id='word_1_215' title='bbox 289 2595 462 2660; x_wconf 72' lang='lat' dir='ltr'><strong>repeterent</strong></span> <span class='ocrx_word' id='word_1_216' title='bbox 481 2591 719 2662; x_wconf 78' lang='lat' dir='ltr'><strong>eonjunpereelto</strong></span> <span class='ocrx_word' id='word_1_217' title='bbox 730 2603 856 2659; x_wconf 76' lang='lat' dir='ltr'><strong>uuquam</strong></span> <span class='ocrx_word' id='word_1_218' title='bbox 873 2594 1142 2656; x_wconf 70' lang='lat' dir='ltr'><strong>temporeatttemeu</strong></span> <span class='ocrx_word' id='word_1_219' title='bbox 1233 2598 1237 2602; x_wconf 87' lang='grc'><em>·</em></span> 
     </span>
    </p>
   </div>
   <div class='ocr_carea' id='block_1_8' title="bbox 97 2661 1140 3610">
    <p class='ocr_par' dir='ltr' id='par_1_8' title="bbox 129 2661 1140 3315">
     <span class='ocr_line' id='line_1_28' title="bbox 134 2661 1140 2733; baseline -0.004 -12"><span class='ocrx_word' id='word_1_220' title='bbox 134 2666 210 2721; x_wconf 74' lang='lat' dir='ltr'><strong>atuor</strong></span> <span class='ocrx_word' id='word_1_221' title='bbox 224 2664 301 2733; x_wconf 72' lang='lat' dir='ltr'><strong>etos,</strong></span> <span class='ocrx_word' id='word_1_222' title='bbox 320 2665 346 2718; x_wconf 85' lang='lat' dir='ltr'><strong>si</strong></span> <span class='ocrx_word' id='word_1_223' title='bbox 361 2665 403 2719; x_wconf 86' lang='lat' dir='ltr'><strong>ito</strong></span> <span class='ocrx_word' id='word_1_224' title='bbox 419 2664 553 2730; x_wconf 78' lang='lat' dir='ltr'><strong>uoluerit,</strong></span> <span class='ocrx_word' id='word_1_225' title='bbox 564 2666 589 2718; x_wconf 84' lang='lat' dir='ltr'><strong>ri</strong></span> <span class='ocrx_word' id='word_1_226' title='bbox 600 2678 628 2717; x_wconf 82' lang='lat' dir='ltr'><strong>te</strong></span> <span class='ocrx_word' id='word_1_227' title='bbox 643 2664 784 2718; x_wconf 80' lang='lat' dir='ltr'><strong>eoutioero</strong></span> <span class='ocrx_word' id='word_1_228' title='bbox 798 2676 858 2716; x_wconf 80' lang='lat' dir='ltr'><strong>aton</strong></span> <span class='ocrx_word' id='word_1_229' title='bbox 870 2667 978 2730; x_wconf 70' lang='lat' dir='ltr'><strong>potertr</strong></span> <span class='ocrx_word' id='word_1_230' title='bbox 991 2661 1017 2713; x_wconf 86' lang='lat' dir='ltr'><strong>ri</strong></span> <span class='ocrx_word' id='word_1_231' title='bbox 1025 2665 1140 2727; x_wconf 73' lang='lat' dir='ltr'><strong>potita·-</strong></span> 
     </span>
     <span class='ocr_line' id='line_1_29' title="bbox 134 2731 1137 2808; baseline -0.001 -16"><span class='ocrx_word' id='word_1_232' title='bbox 134 2750 220 2808; x_wconf 79' lang='lat' dir='ltr'><strong>puom</strong></span> <span class='ocrx_word' id='word_1_233' title='bbox 234 2738 378 2806; x_wconf 78' lang='lat' dir='ltr'><strong>uopuooit,</strong></span> <span class='ocrx_word' id='word_1_234' title='bbox 397 2739 471 2807; x_wconf 70' lang='lat' dir='ltr'><strong>qdod</strong></span> <span class='ocrx_word' id='word_1_235' title='bbox 487 2737 626 2806; x_wconf 69' lang='lat' dir='ltr'><strong>cumillis</strong></span> <span class='ocrx_word' id='word_1_236' title='bbox 645 2751 703 2791; x_wconf 80' lang='lat' dir='ltr'><strong>ouo·</strong></span> <span class='ocrx_word' id='word_1_237' title='bbox 718 2736 763 2790; x_wconf 82' lang='lat' dir='ltr'><strong>oir</strong></span> <span class='ocrx_word' id='word_1_238' title='bbox 778 2736 839 2803; x_wconf 77' lang='lat' dir='ltr'><strong>ejus</strong></span> <span class='ocrx_word' id='word_1_239' title='bbox 856 2735 912 2803; x_wconf 71' lang='lat' dir='ltr'><strong>[eit</strong></span> <span class='ocrx_word' id='word_1_240' title='bbox 930 2733 963 2785; x_wconf 81' lang='lat' dir='ltr'><strong>itt</strong></span> <span class='ocrx_word' id='word_1_241' title='bbox 982 2731 1137 2797; x_wconf 74' lang='lat' dir='ltr'><strong>adulterio,</strong></span> 
     </span>
     <span class='ocr_line' id='line_1_30' title="bbox 134 2804 1136 2871; baseline -0.008 -5"><span class='ocrx_word' id='word_1_242' title='bbox 134 2810 250 2866; x_wconf 81' lang='lat' dir='ltr'><strong>cornute</strong></span> <span class='ocrx_word' id='word_1_243' title='bbox 261 2812 452 2865; x_wconf 78' lang='lat' dir='ltr'><strong>commercium</strong></span> <span class='ocrx_word' id='word_1_244' title='bbox 466 2824 529 2865; x_wconf 79' lang='lat' dir='ltr'><strong>tutu</strong></span> <span class='ocrx_word' id='word_1_245' title='bbox 544 2825 575 2864; x_wconf 83' lang='lat' dir='ltr'><strong>eo</strong></span> <span class='ocrx_word' id='word_1_246' title='bbox 589 2823 648 2863; x_wconf 82' lang='lat' dir='ltr'><strong>nou</strong></span> <span class='ocrx_word' id='word_1_247' title='bbox 663 2808 759 2871; x_wconf 77' lang='lat' dir='ltr'><strong>tabet,</strong></span> <span class='ocrx_word' id='word_1_248' title='bbox 774 2808 831 2861; x_wconf 80' lang='lat' dir='ltr'><strong>uiri</strong></span> <span class='ocrx_word' id='word_1_249' title='bbox 843 2807 988 2860; x_wconf 79' lang='lat' dir='ltr'><strong>uoluntate</strong></span> <span class='ocrx_word' id='word_1_250' title='bbox 1003 2804 1136 2867; x_wconf 72' lang='lat' dir='ltr'><strong>abstinet,</strong></span> 
     </span>
     <span class='ocr_line' id='line_1_31' title="bbox 131 2879 1137 2952; baseline -0.006 -15"><span class='ocrx_word' id='word_1_251' title='bbox 131 2887 222 2952; x_wconf 79' lang='lat' dir='ltr'><strong>potest</strong></span> <span class='ocrx_word' id='word_1_252' title='bbox 231 2882 282 2936; x_wconf 83' lang='lat' dir='ltr'><strong>alit</strong></span> <span class='ocrx_word' id='word_1_253' title='bbox 293 2883 498 2950; x_wconf 63' lang='lat' dir='ltr'><strong>senserisque</strong></span> <span class='ocrx_word' id='word_1_254' title='bbox 509 2886 548 2937; x_wconf 84' lang='lat' dir='ltr'><strong>de</strong></span> <span class='ocrx_word' id='word_1_255' title='bbox 557 2883 687 2936; x_wconf 82' lang='lat' dir='ltr'><strong>adulterio</strong></span> <span class='ocrx_word' id='word_1_256' title='bbox 698 2886 747 2934; x_wconf 84' lang='lat' dir='ltr'><strong>troo</strong></span> <span class='ocrx_word' id='word_1_257' title='bbox 761 2884 846 2933; x_wconf 88' lang='lat' dir='ltr'><strong>solnm</strong></span> <span class='ocrx_word' id='word_1_258' title='bbox 857 2881 949 2933; x_wconf 87' lang='lat' dir='ltr'><strong>statuit</strong></span> <span class='ocrx_word' id='word_1_259' title='bbox 958 2879 1137 2931; x_wconf 82' lang='lat' dir='ltr'><strong>vermeriense</strong></span> 
     </span>
     <span class='ocr_line' id='line_1_32' title="bbox 131 2953 1138 3022; baseline -0.006 -12"><span class='ocrx_word' id='word_1_260' title='bbox 131 2957 285 3010; x_wconf 81' lang='lat' dir='ltr'><strong>Concilium.</strong></span> <span class='ocrx_word' id='word_1_261' title='bbox 300 2958 368 3008; x_wconf 76' lang='lat' dir='ltr'><strong>dudi</strong></span> <span class='ocrx_word' id='word_1_262' title='bbox 383 2968 436 3022; x_wconf 87' lang='lat' dir='ltr'><strong>quo</strong></span> <span class='ocrx_word' id='word_1_263' title='bbox 451 2958 632 3022; x_wconf 80' lang='lat' dir='ltr'><strong>progrediatur</strong></span> <span class='ocrx_word' id='word_1_264' title='bbox 642 2955 759 3019; x_wconf 78' lang='lat' dir='ltr'><strong>eiusdem</strong></span> <span class='ocrx_word' id='word_1_265' title='bbox 774 2955 883 3006; x_wconf 81' lang='lat' dir='ltr'><strong>Consilii</strong></span> <span class='ocrx_word' id='word_1_266' title='bbox 900 2953 1049 3016; x_wconf 86' lang='lat' dir='ltr'><strong>capitulum</strong></span> <span class='ocrx_word' id='word_1_267' title='bbox 1059 2954 1138 3015; x_wconf 85' lang='lat' dir='ltr'><strong>quiu-</strong></span> 
     </span>
     <span class='ocr_line' id='line_1_33' title="bbox 132 3022 1136 3097; baseline -0.008 -15"><span class='ocrx_word' id='word_1_268' title='bbox 132 3037 197 3082; x_wconf 88' lang='lat' dir='ltr'><strong>turn.</strong></span> <span class='ocrx_word' id='word_1_269' title='bbox 211 3028 243 3081; x_wconf 78' lang='lat' dir='ltr'><strong>Si</strong></span> <span class='ocrx_word' id='word_1_270' title='bbox 258 3040 316 3097; x_wconf 76' lang='lat' dir='ltr'><strong>poa</strong></span> <span class='ocrx_word' id='word_1_271' title='bbox 334 3028 435 3082; x_wconf 77' lang='lat' dir='ltr'><strong>aretiier</strong></span> <span class='ocrx_word' id='word_1_272' title='bbox 450 3033 567 3083; x_wconf 74' lang='lat' dir='ltr'><strong>mertem</strong></span> <span class='ocrx_word' id='word_1_273' title='bbox 583 3026 639 3082; x_wconf 76' lang='lat' dir='ltr'><strong>oirt‘</strong></span> <span class='ocrx_word' id='word_1_274' title='bbox 651 3026 697 3080; x_wconf 63' lang='grc' dir='ltr'><strong>καί</strong></span> <span class='ocrx_word' id='word_1_275' title='bbox 714 3025 870 3080; x_wconf 69' lang='lat' dir='ltr'><strong>remitterer</strong></span> <span class='ocrx_word' id='word_1_276' title='bbox 885 3023 950 3078; x_wconf 80' lang='lat' dir='ltr'><strong>aliis</strong></span> <span class='ocrx_word' id='word_1_277' title='bbox 963 3022 1136 3088; x_wconf 74' lang='lat' dir='ltr'><strong>homiuibus,</strong></span> 
     </span>
     <span class='ocr_line' id='line_1_34' title="bbox 132 3095 1136 3170; baseline -0.003 -16"><span class='ocrx_word' id='word_1_278' title='bbox 132 3104 159 3154; x_wconf 79' lang='lat' dir='ltr'><strong>et</strong></span> <span class='ocrx_word' id='word_1_279' title='bbox 170 3100 229 3169; x_wconf 78' lang='lat' dir='ltr'><strong>ipre</strong></span> <span class='ocrx_word' id='word_1_280' title='bbox 240 3102 284 3154; x_wconf 77' lang='lat' dir='ltr'><strong>tir</strong></span> <span class='ocrx_word' id='word_1_281' title='bbox 294 3101 382 3170; x_wconf 74' lang='lat' dir='ltr'><strong>ipsios</strong></span> <span class='ocrx_word' id='word_1_282' title='bbox 398 3100 520 3156; x_wconf 75' lang='lat' dir='ltr'><strong>dominer</strong></span> <span class='ocrx_word' id='word_1_283' title='bbox 534 3116 564 3154; x_wconf 79' lang='lat' dir='ltr'><strong>oe</strong></span> <span class='ocrx_word' id='word_1_284' title='bbox 576 3099 744 3168; x_wconf 65' lang='lat' dir='ltr'><strong>sermondo</strong></span> <span class='ocrx_word' id='word_1_285' title='bbox 757 3097 904 3160; x_wconf 74' lang='lat' dir='ltr'><strong>occiderit,</strong></span> <span class='ocrx_word' id='word_1_286' title='bbox 918 3101 944 3150; x_wconf 87' lang='lat' dir='ltr'><strong>et</strong></span> <span class='ocrx_word' id='word_1_287' title='bbox 955 3096 1006 3149; x_wconf 82' lang='lat' dir='ltr'><strong>iror</strong></span> <span class='ocrx_word' id='word_1_288' title='bbox 1014 3095 1136 3162; x_wconf 82' lang='lat' dir='ltr'><strong>prodere</strong></span> 
     </span>
     <span class='ocr_line' id='line_1_35' title="bbox 129 3168 1133 3244; baseline -0.002 -18"><span class='ocrx_word' id='word_1_289' title='bbox 129 3178 236 3242; x_wconf 81' lang='lat' dir='ltr'><strong>puteat,</strong></span> <span class='ocrx_word' id='word_1_290' title='bbox 254 3172 304 3228; x_wconf 81' lang='lat' dir='ltr'><strong>iti&#39;e</strong></span> <span class='ocrx_word' id='word_1_291' title='bbox 320 3175 365 3229; x_wconf 82' lang='lat' dir='ltr'><strong>eir</strong></span> <span class='ocrx_word' id='word_1_292' title='bbox 381 3180 473 3244; x_wconf 82' lang='lat' dir='ltr'><strong>potest</strong></span> <span class='ocrx_word' id='word_1_293' title='bbox 486 3175 579 3244; x_wconf 80' lang='lat' dir='ltr'><strong>iprum</strong></span> <span class='ocrx_word' id='word_1_294' title='bbox 599 3186 718 3228; x_wconf 72' lang='lat' dir='ltr'><strong>erorum</strong></span> <span class='ocrx_word' id='word_1_295' title='bbox 735 3172 889 3233; x_wconf 78' lang='lat' dir='ltr'><strong>dimittere,</strong></span> <span class='ocrx_word' id='word_1_296' title='bbox 908 3174 935 3225; x_wconf 84' lang='lat' dir='ltr'><strong>ot</strong></span> <span class='ocrx_word' id='word_1_297' title='bbox 951 3170 978 3225; x_wconf 81' lang='lat' dir='ltr'><strong>ti</strong></span> <span class='ocrx_word' id='word_1_298' title='bbox 994 3168 1133 3236; x_wconf 70' lang='lat' dir='ltr'><strong>salonit,</strong></span> 
     </span>
     <span class='ocr_line' id='line_1_36' title="bbox 131 3245 964 3315; baseline -0.008 -15"><span class='ocrx_word' id='word_1_299' title='bbox 131 3245 221 3301; x_wconf 82' lang='lat' dir='ltr'><strong>tiliam</strong></span> <span class='ocrx_word' id='word_1_300' title='bbox 233 3247 365 3315; x_wconf 60' lang='lat' dir='ltr'><strong>temptet.</strong></span> <span class='ocrx_word' id='word_1_301' title='bbox 695 3262 701 3306; x_wconf 83' lang='grc'><strong>,·</strong></span> <span class='ocrx_word' id='word_1_302' title='bbox 750 3268 776 3285; x_wconf 70' lang='lat'><strong>·÷</strong></span> <span class='ocrx_word' id='word_1_303' title='bbox 961 3276 964 3281; x_wconf 66' lang='grc'><strong>»</strong></span> 
     </span>
    </p>

    <p class='ocr_par' dir='ltr' id='par_1_9' title="bbox 97 3326 1136 3610">
     <span class='ocr_line' id='line_1_37' title="bbox 97 3326 1134 3397; baseline -0.004 -15"><span class='ocrx_word' id='word_1_304' title='bbox 97 3348 99 3353; x_wconf 63' lang='grc'><strong>’</strong></span> <span class='ocrx_word' id='word_1_305' title='bbox 164 3331 262 3382; x_wconf 80' lang='lat' dir='ltr'><strong>Conon</strong></span> <span class='ocrx_word' id='word_1_306' title='bbox 282 3331 315 3381; x_wconf 88' lang='lat' dir='ltr'><strong>ll.</strong></span> <span class='ocrx_word' id='word_1_307' title='bbox 333 3331 448 3384; x_wconf 82' lang='lat' dir='ltr'><strong>concilia</strong></span> <span class='ocrx_word' id='word_1_308' title='bbox 469 3326 652 3397; x_wconf 74' lang='lat' dir='ltr'><strong>querulaque,</strong></span> <span class='ocrx_word' id='word_1_309' title='bbox 674 3330 721 3382; x_wconf 88' lang='lat' dir='ltr'><strong>sed</strong></span> <span class='ocrx_word' id='word_1_310' title='bbox 742 3327 1057 3393; x_wconf 71' lang='lat' dir='ltr'><strong>Generalia‘prasertim,</strong></span> <span class='ocrx_word' id='word_1_311' title='bbox 1077 3336 1134 3390; x_wconf 73' lang='lat' dir='ltr'><strong>qus</strong></span> 
     </span>
     <span class='ocr_line' id='line_1_38' title="bbox 130 3399 1136 3463; baseline 0.002 -10"><span class='ocrx_word' id='word_1_312' title='bbox 130 3402 265 3453; x_wconf 79' lang='lat' dir='ltr'><strong>Pontidoia</strong></span> <span class='ocrx_word' id='word_1_313' title='bbox 277 3405 431 3456; x_wconf 78' lang='lat' dir='ltr'><strong>auctoritate</strong></span> <span class='ocrx_word' id='word_1_314' title='bbox 443 3406 593 3456; x_wconf 80' lang='lat' dir='ltr'><strong>confirmata</strong></span> <span class='ocrx_word' id='word_1_315' title='bbox 605 3410 681 3463; x_wconf 89' lang='lat' dir='ltr'><strong>sunt,</strong></span> <span class='ocrx_word' id='word_1_316' title='bbox 696 3405 867 3454; x_wconf 86' lang='lat' dir='ltr'><strong>certissimum</strong></span> <span class='ocrx_word' id='word_1_317' title='bbox 878 3402 1003 3453; x_wconf 70' lang='lat' dir='ltr'><strong>doetrinae</strong></span> <span class='ocrx_word' id='word_1_318' title='bbox 1015 3399 1136 3462; x_wconf 77' lang='lat' dir='ltr'><strong>regulam</strong></span> 
     </span>
     <span class='ocr_line' id='line_1_39' title="bbox 130 3473 1136 3539; baseline 0.005 -17"><span class='ocrx_word' id='word_1_319' title='bbox 130 3474 247 3535; x_wconf 72' lang='lat' dir='ltr'><strong>prebent</strong></span> <span class='ocrx_word' id='word_1_320' title='bbox 263 3475 354 3525; x_wconf 78' lang='lat' dir='ltr'><strong>Murali</strong></span> <span class='ocrx_word' id='word_1_321' title='bbox 372 3475 512 3539; x_wconf 74' lang='lat' dir='ltr'><strong>theologo.</strong></span> <span class='ocrx_word' id='word_1_322' title='bbox 525 3478 595 3528; x_wconf 87' lang='lat' dir='ltr'><strong>luter</strong></span> <span class='ocrx_word' id='word_1_323' title='bbox 608 3477 758 3528; x_wconf 85' lang='lat' dir='ltr'><strong>llioeeesana</strong></span> <span class='ocrx_word' id='word_1_324' title='bbox 775 3476 890 3526; x_wconf 78' lang='lat' dir='ltr'><strong>coneilio</strong></span> <span class='ocrx_word' id='word_1_325' title='bbox 905 3474 921 3525; x_wconf 79' lang='lat' dir='ltr'><strong>a</strong></span> <span class='ocrx_word' id='word_1_326' title='bbox 934 3474 1050 3524; x_wconf 75' lang='lat' dir='ltr'><strong>romano</strong></span> <span class='ocrx_word' id='word_1_327' title='bbox 1060 3473 1136 3527; x_wconf 70' lang='lat' dir='ltr'><strong>Poe·</strong></span> 
     </span>
     <span class='ocr_line' id='line_1_40' title="bbox 129 3538 1133 3610; baseline 0.001 -19"><span class='ocrx_word' id='word_1_328' title='bbox 129 3538 199 3594; x_wconf 86' lang='lat' dir='ltr'><strong>tidee</strong></span> <span class='ocrx_word' id='word_1_329' title='bbox 215 3544 324 3605; x_wconf 85' lang='lat' dir='ltr'><strong>probata</strong></span> <span class='ocrx_word' id='word_1_330' title='bbox 339 3544 459 3596; x_wconf 80' lang='lat' dir='ltr'><strong>densetur</strong></span> <span class='ocrx_word' id='word_1_331' title='bbox 476 3548 658 3609; x_wconf 82' lang='lat' dir='ltr'><strong>complutense</strong></span> <span class='ocrx_word' id='word_1_332' title='bbox 676 3549 726 3598; x_wconf 88' lang='lat' dir='ltr'><strong>sub</strong></span> <span class='ocrx_word' id='word_1_333' title='bbox 740 3546 872 3610; x_wconf 76' lang='lat' dir='ltr'><strong>Alpltonsu</strong></span> <span class='ocrx_word' id='word_1_334' title='bbox 888 3545 983 3597; x_wconf 77' lang='lat' dir='ltr'><strong>Catillo</strong></span> <span class='ocrx_word' id='word_1_335' title='bbox 994 3541 1133 3605; x_wconf 78' lang='lat' dir='ltr'><strong>lreulepl·</strong></span> 
     </span>
    </p>
   </div>
   <div class='ocr_carea' id='block_1_9' title="bbox 131 3613 1130 3686">
    <p class='ocr_par' dir='ltr' id='par_1_10' title="bbox 131 3613 1130 3686">
     <span class='ocr_line' id='line_1_41' title="bbox 131 3613 1130 3686; baseline 0.02 -24"><span class='ocrx_word' id='word_1_336' title='bbox 131 3618 213 3675; x_wconf 83' lang='lat' dir='ltr'><strong>scopo</strong></span> <span class='ocrx_word' id='word_1_337' title='bbox 223 3613 360 3676; x_wconf 83' lang='lat' dir='ltr'><strong>Toletano,</strong></span> <span class='ocrx_word' id='word_1_338' title='bbox 372 3616 419 3666; x_wconf 81' lang='lat' dir='ltr'><strong>ubl</strong></span> <span class='ocrx_word' id='word_1_339' title='bbox 436 3616 573 3672; x_wconf 82' lang='lat' dir='ltr'><strong>damnatus</strong></span> <span class='ocrx_word' id='word_1_340' title='bbox 587 3627 628 3670; x_wconf 88' lang='lat' dir='ltr'><strong>est</strong></span> <span class='ocrx_word' id='word_1_341' title='bbox 640 3620 762 3682; x_wconf 73' lang='lat' dir='ltr'><strong>Magister</strong></span> <span class='ocrx_word' id='word_1_342' title='bbox 777 3619 884 3686; x_wconf 79' lang='lat' dir='ltr'><strong>qudam</strong></span> <span class='ocrx_word' id='word_1_343' title='bbox 898 3616 1070 3678; x_wconf 62' lang='lat' dir='ltr'><strong>oxomensis,</strong></span> <span class='ocrx_word' id='word_1_344' title='bbox 1082 3615 1130 3681; x_wconf 84' lang='lat' dir='ltr'><strong>qui</strong></span> 
     </span>
    </p>
   </div>
   <div class='ocr_carea' id='block_1_10' title="bbox 0 0 1314 4192">
    <p class='ocr_par' dir='ltr' id='par_1_11' title="bbox 0 0 1314 4192">
     <span class='ocr_line' id='line_1_42' title="bbox 0 0 1314 4192; baseline 0 4"><span class='ocrx_word' id='word_1_345' title='bbox 0 0 1314 4192; x_wconf 95' lang='lat' dir='ltr'><strong> </strong></span> 
     </span>
    </p>
   </div>
  </div>
 </body>
</html>
