2617 4192
198 204 238 269 tt
444 199 550 267 tur,
566 204 662 264 araca
678 205 707 265 r.
722 205 768 266 nc
783 177 967 279 cmuciatu.

196 302 288 377 bomo
304 305 356 368 ille
371 303 410 366 sit
428 302 573 364 sufficiens
588 303 626 363 ad
643 304 827 367 formandam
845 307 900 367 sibi
919 308 1125 373 conscientiam
1135 331 1210 393 ,pra-

198 391 271 453 ctice
290 399 419 463 certam,
443 396 474 449 et
494 386 600 449 deinde
619 398 715 467 potest
736 384 862 469 operari.
883 392 914 451 Si
932 388 1009 455 'vero
1030 397 1210 462 insufficiens
1297 408 1299 429 '

197 478 237 539 slt
254 476 335 556 (putd
356 476 424 554 quia
436 473 548 552 rudis),
572 482 690 533 tenetur
709 473 888 553 parochum,
909 485 960 536 aut
981 476 1207 560 confessarium,

198 564 245 623 rel
258 563 349 623 alium
361 562 444 639 pium
456 579 489 620 ac
500 559 619 619 doctum
630 561 799 631 consulere,
810 558 933 638 ctjuxta
945 565 1101 626 consilium
1110 570 1207 646 agere.

198 647 255 719 Qoi
276 645 347 708 verd
368 645 476 705 dubius
496 650 590 713 esset,
611 643 662 702 scd
682 644 818 704 omnibns
839 644 1007 723 ponderatis
1024 648 1206 726 adverteret,

198 731 324 792 dubium
341 748 404 790 esse
423 731 531 799 inane,
553 726 602 786 hic
621 726 697 787 bene
715 737 810 806 potest
830 727 876 805 (ut
895 728 974 791 recte
993 733 1095 794 scribit
1119 734 1208 797 Collct

201 816 394 876 Contiauctor
417 809 577 892 rccrmtp,
598 809 634 891 de
662 820 719 871 oct.
736 812 819 874 lcum.
833 831 864 896 c.
884 813 913 874 7.
930 823 990 875 ort.
1009 818 1040 877 d.
1058 817 1094 878 dc
1112 837 1205 883 corace.

198 898 300 980 dudio)
322 900 445 960 dubium
468 916 555 958 suum
576 897 723 974 deponere
746 897 810 957 sinc
834 898 890 957 alia
913 898 1087 973 reflexione,
1114 912 1143 964 ct
1165 907 1206 966 sic

198 985 342 1045 actionem
358 984 479 1062 exequi3
496 990 567 1042 tunc
582 982 662 1041 enim
677 982 700 1040 si
717 983 827 1042 malitia
842 983 921 1041 illius
937 985 1104 1061 ignoratur,
1121 989 1206 1067 igno-

198 1070 292 1128 mntia
302 1070 351 1128 illa
362 1078 406 1128 est
417 1065 538 1127 omninb
550 1066 765 1139 involuntaria,
779 1075 881 1144 utpote
891 1085 958 1145 quaa
967 1069 1063 1131 studio
1073 1073 1204 1151 superari

199 1169 260 1211 non
278 1161 391 1231 potest,
412 1159 501 1231 prout
520 1149 604 1209 docet
621 1150 787 1228 Angelicus.

237 1238 286 1296 25.
305 1270 345 1281 -
364 1237 494 1296 Dicimus
515 1236 553 1294 ll.
576 1234 691 1294 licitum
719 1253 780 1296 cesa
802 1237 917 1315 operari
939 1256 1007 1299 cum
1031 1243 1204 1311 conscientia

198 1318 372 1399 speculative
389 1320 497 1392 dubia,
517 1336 631 1397 semper
646 1338 679 1378 ac
691 1339 814 1400 operans
825 1341 879 1400 per
897 1323 967 1381 alias
980 1325 1122 1399 rationes,
1142 1329 1205 1389 sive
1297 1378 1298 1385 ,

198 1406 340 1484 principia
360 1404 468 1466 reflexa
482 1448 492 1477 ,
508 1403 620 1482 judicat
643 1404 769 1483 practice
792 1406 938 1466 actionem
951 1424 1032 1467 suam
1054 1411 1206 1474 essecertd

198 1490 348 1550 moraliter
359 1489 522 1550 honestam.
536 1489 608 1548 llliae
621 1490 701 1548 enim
717 1489 762 1566 (ut
775 1491 922 1569 sapienter
933 1491 1122 1552 ratiocinatur
1134 1497 1206 1574 Epi-

197 1580 301 1654 'scopus
313 1573 424 1657 Atettp)
435 1584 504 1635 sunt
515 1576 660 1648 rationes,
674 1577 780 1653 quibus
788 1575 952 1654 judicamus
963 1576 1050 1636 derei
1061 1579 1205 1654 veritate,

197 1679 303 1741 nempe
317 1661 355 1723 de
371 1661 590 1741 probabilitate,
607 1661 669 1721 sive
684 1661 722 1720 de
741 1662 890 1722 dubietate
904 1659 1023 1736 alicujus
1039 1661 1204 1740 opinioniS,

195 1764 226 1808 v.
243 1766 273 1826 g.
289 1744 370 1825 qudd
387 1747 498 1807 bellum
519 1744 574 1806 hoc
597 1747 635 1806 sit
658 1746 863 1824 probabiliter,
883 1755 933 1805 aut
952 1743 1040 1804 dubie
1058 1744 1202 1821 justum:

197 1831 261 1891 aliae
276 1832 383 1909 quibus
398 1829 562 1909 judicamus
576 1829 613 1890 de
627 1829 778 1890 honestate
796 1830 930 1901 actionis,
949 1827 1058 1888 scilicet
1074 1828 1157 1908 qudd
1173 1833 1205 1893 in

196 1914 253 1977 boc
268 1916 372 1988 bello„
382 1917 546 1994 imperante
560 1916 711 1993 principe,
729 1915 814 1975 liceat
830 1913 947 1974 subdito
962 1913 1106 1991 proeliari,
1120 1914 1204 1991 juxta

196 1999 360 2061 doctrinam
377 2001 410 2059 S.
425 1998 584 2078 Aupttstini
599 1998 686 2077 snprb
706 2000 822 2058 allatam
838 1997 870 2056 in
889 1992 938 2057 cit'.
958 2015 1024 2070 coa,
1048 1995 1126 2070 Quid
1143 1996 1205 2059 cul-

195 2092 296 2166 potur.
311 2082 397 2156 Qudd
413 2093 511 2142 antem
530 2100 566 2141 ex
584 2083 737 2160 principiis
754 2081 870 2143 rellcxis
889 2081 980 2159 possit
996 2079 1071 2141 bend
1083 2082 1203 2146 formari

197 2167 371 2227 conscientia
383 2167 534 2226 moraliter
545 2175 623 2225 certa
639 2166 676 2225 dc
689 2165 839 2225 honestate
849 2165 985 2237 actionis,
1006 2162 1083 2224 clare
1094 2167 1204 2243 patebit

196 2248 271 2309 infra
285 2267 321 2308 ex
330 2249 531 2309 dissertatione
548 2250 695 2328 opinionis
707 2249 883 2328 probabilis,
897 2246 985 2325 quani
997 2247 1100 2308 inline
1114 2249 1204 2329 hujus

196 2341 334 2394 tractatus
351 2333 515 2394 afferemus.
537 2334 579 2412 (l)
856 2402 857 2407 η
883 2330 910 2407 J

233 2421 283 2480 26.
303 2451 342 2463 -
363 2419 476 2478 Horum
499 2418 714 2498 principiorum
739 2420 1016 2500 principalissimum
1042 2426 1085 2480 est
1109 2420 1202 2494 illud,

196 2503 275 2583 qudd
300 2505 361 2565 Lcac
386 2501 475 2565 dubia
498 2523 558 2565 oon
581 2513 674 2585 potest
699 2516 807 2566 certum
829 2504 963 2566 inducere
988 2503 1202 2585 oblipctioccm.

194 2589 310 2649 Veritas
334 2586 422 2664 hujus
444 2589 581 2667 principii
602 2588 700 2668 (quod
724 2609 784 2650 non
807 2599 930 2668 negatur
952 2606 1047 2666 neque
1071 2589 1108 2647 ab
1132 2589 1205 2667 ipsis
1297 2632 1298 2645 t

195 2673 297 2751 rigidae
321 2675 472 2734 sententiae
489 2673 668 2752 fautoribus)
687 2676 839 2735 evidenter
859 2675 890 2733 in
912 2674 1110 2735 dissertatione
1131 2693 1204 2735 mox

134 2802 140 2807 .
195 2758 347 2819 enunciata
364 2758 546 2835 probabitur.
567 2757 637 2819 Vide
648 2758 690 2819 ibi
701 2757 833 2818 dicenda.
849 2760 892 2817 Ex
917 2757 973 2818 hoc
989 2765 1084 2814 autem
1102 2759 1206 2833 primo

194 2843 366 2903 cliormatnr
387 2842 546 2902 secundum
567 2843 639 2902 illud
659 2844 839 2921 principium
859 2865 867 2900 ε
891 2840 998 2903 Melior
1017 2848 1060 2901 cst
1077 2840 1205 2903 conditio

216 2925 376 2988 assidentia.
394 2928 513 3000 eroties
532 2929 611 2986 enim
636 2928 682 2986 lex
704 2927 792 2986 dubia
810 2924 934 2986 minime
949 2924 1020 3003 ligat
1032 2923 1203 2998 bominem,

192 2946 284 3070 llomo
302 3012 405 3088 utique
419 3021 551 3072 remanet
568 3012 698 3081 solutus,
719 3021 749 3071 et
771 3011 846 3069 liber
861 3010 897 3070 ab
918 3009 1096 3087 obligatione
1113 3009 1203 3087 legis,

195 3110 287 3172 eoque
303 3115 368 3155 casu
382 3094 461 3155 licitd
474 3105 569 3174 potest
584 3098 626 3155 uti
640 3097 693 3154 sual
706 3096 857 3166 libertate,
872 3113 960 3172 quam
973 3093 1044 3154 vere
1057 3095 1204 3171 possidet,

194 3175 262 3236 crim
274 3179 320 3237 lex
331 3187 374 3238 cst
386 3179 473 3237 dubia
484 3201 492 3254 ;
505 3182 546 3239 ait
559 3181 639 3252 enim
652 3180 685 3243 S.
702 3178 826 3239 Thomas
842 3201 852 3237 .·
866 3176 946 3237 Illud
956 3175 1064 3238 dictur
1075 3173 1204 3252 licitum,

193 3259 271 3347 quod
288 3259 373 3322 nullo
388 3260 447 3343 lepe
464 3263 645 3344 prohibetur.
661 3267 701 3324 ln
718 3265 747 3322 l.
762 3271 836 3323 acet.
858 3261 928 3322 diat.
942 3263 991 3322 t5.
1006 3280 1037 3341 q.
1051 3263 1082 3321 2.
1098 3262 1158 3321 ort.
1173 3264 1205 3322 l.

221 3471 255 3536 (l)
263 3477 322 3524 Vide
331 3476 392 3525 iatri
402 3493 426 3526 n.
436 3476 474 3528 55.
484 3488 510 3528 et
520 3482 558 3530 69.

480 3616 485 3625 ·
568 3664 571 3669 y
602 3648 604 3653 ,
627 3612 718 3659 sum.
