2617 4192
171 186 215 252 xiil
477 182 641 241 Dummtid
656 188 866 257 &obpansum

169 274 352 344 presentibus
361 274 468 328 dundee
486 277 645 330 canonibus
661 279 770 332 dumeta
784 285 869 342 sont,
883 279 960 346 quod
971 280 1012 338 aad
1028 281 1177 337 dictionem

171 347 284 409 attinet,
310 347 486 408 clarissimo,
509 350 556 402 sed
575 355 669 403 tamen
686 352 760 418 quod
778 352 816 403 ad
833 351 950 417 prosim
971 352 1091 417 attinet,
1110 363 1176 413 sust

172 420 286 475 omnino
298 420 467 489 difficillimo.
480 424 564 475 auso
580 424 712 483 enimes,
729 438 789 492 qun
804 424 863 477 illie
879 424 1050 486 continetur.
1066 430 1177 483 samone

172 500 308 556 erratur,
326 494 352 546 'et
371 494 428 546 nisi
444 492 513 548 esset
528 495 731 550 manserem
748 496 889 551 simoentis
905 497 955 549 troi
972 498 1176 563 muniendis,

171 568 262 620 omnis
277 580 344 620 caro
359 566 493 634 petiisset.
503 571 577 633 osod
598 574 620 622 st
639 573 784 631 adiutorio.
796 580 824 622 et
837 572 1023 623 fornicationes
1036 587 1088 625 non
1104 590 1177 628 curs·

173 643 270 693 luuntur
286 642 438 705 penitentis
460 646 602 706 monnica,
626 653 737 709 putesne
760 645 842 696 tuisse
867 646 969 708 reliquo
991 649 1115 701 monnica
1139 657 1180 702 tot

173 724 297 765 nummus
310 716 462 778 postumia
475 718 584 769 euentu?

205 798 275 848 can.
286 796 328 848 66.
343 800 409 862 Quo
423 797 615 865 strumensem
626 799 754 865 mutereo
766 797 787 850 d
803 801 867 851 noto
883 810 948 855 mo.
961 809 997 849 ae
1009 798 1181 865 morestinus

173 866 254 939 lapsa
273 873 330 929 est,
348 870 460 937 peceati
475 869 610 923 adulterii
631 875 737 937 tempus
756 870 787 921 in
811 882 868 922 rute
890 869 953 920 uitae
974 869 1182 936 iimmotim

173 940 316 1010 complebit
338 943 433 1007 (idest
452 944 565 1003 tamdiu,
583 951 609 994 et
631 943 723 993 eodem
746 943 825 994 ruodo
844 944 967 1006 punietur
980 949 1016 993 ut
1034 945 1177 1010 adonem).

174 1013 260 1074 tdem,
273 1014 399 1074 cliniis,
418 1013 469 1082 qui
482 1014 569 1066 nitunt
580 1014 768 1066 nanneticam
782 1014 965 1081 metientur,
978 1017 1005 1065 et
1018 1012 1162 1068 tabunt-e.

207 1097 276 1145 Can.
296 1096 338 1146 61.
358 1093 412 1161 Qui
430 1093 544 1171 (uratur
562 1098 614 1153 est,
637 1092 663 1145 si
677 1104 712 1145 es
729 1106 758 1144 se
779 1083 889 1159 quidem
905 1093 1071 1160 pandentia
1089 1100 1182 1149 motus

172 1165 292 1231 scipsum
310 1164 499 1223 accusaverit,
517 1178 593 1217 anno
611 1165 630 1217 d
646 1164 709 1218 soia
728 1169 973 1218 sacramentorum
990 1169 1181 1220 communione

173 1237 384 1291 crocitantis
399 1241 493 1288 autem
510 1238 651 1289 counimus
667 1237 770 1305 tuerit.
788 1236 893 1290 duobus
911 1236 994 1290 annis
1014 1243 1120 1306 tempus
1136 1240 1182 1293 itlt'

174 1308 213 1363 ad
231 1309 465 1372 substrationem,
483 1316 509 1362 ct
528 1310 737 1365 consistentiam
755 1311 911 1369 dividetur,
930 1316 956 1363 et
975 1317 1042 1365 mne
1058 1326 1180 1367 mmmm

173 1383 255 1434 stione
264 1382 366 1449 dipnus
376 1380 521 1435 babeatur.
532 1385 579 1435 illc
589 1385 626 1434 its
640 1385 730 1434 subdit
743 1385 887 1435 balsamon.
899 1386 938 1434 Tu
949 1387 1042 1435 autem
1051 1386 1077 1449 (o
1089 1388 1193 1453 lector)-

174 1460 241 1522 opta
255 1468 289 1507 ne
300 1466 420 1521 presens
432 1458 530 1507 Conon
543 1454 693 1509 seeundum
706 1455 779 1522 [nris
794 1454 979 1522 definitionem
988 1456 1180 1524 intelliguntur),

171 1540 232 1596 qua
243 1527 324 1589 dicit,
339 1529 398 1581 Fur
408 1532 449 1580 est
469 1530 519 1597 oui
531 1535 634 1596 prater
646 1529 758 1581 Domini
775 1529 949 1590 voluntatem
963 1528 1058 1584 atiena
1074 1537 1183 1584 contre·

175 1605 233 1655 etat
245 1640 252 1664 ,
263 1601 355 1675 sciens
373 1615 435 1654 eum
451 1601 579 1654 molestia
598 1600 713 1669 albeme.
724 1601 826 1655 Nullus
841 1601 914 1654 enim
928 1601 986 1668 [ere
1003 1616 1114 1663 nomm,
1134 1604 1185 1670 oui

172 1674 204 1737 in
222 1673 281 1728 uita
297 1681 445 1727 versantur
460 1675 662 1737 sacramentis,
681 1680 715 1727 ut
730 1674 800 1726 mibi
815 1673 940 1737 uidetur,
956 1674 1187 1735 communicabis

174 1748 199 1803 si
216 1747 267 1802 boc
289 1748 386 1802 dotum
400 1747 493 1815 tuerit
516 1750 646 1815 (nimirum
666 1760 755 1800 omnes
775 1756 851 1799 eruut
869 1749 897 1798 lu
917 1749 1035 1800 ordinem
1051 1750 1186 1813 poeuitew

176 1820 240 1874 tium
252 1818 407 1888 redigendi).
420 1818 493 1874 Nam
503 1820 736 1875 monasteriorum
751 1834 858 1889 quoque
868 1819 991 1873 ministri
1004 1820 1114 1872 etiamsi
1125 1821 1183 1873 sint

173 1892 392 1966 religiosissimi,
411 1902 513 1965 proter
532 1909 648 1949 suorum
670 1895 867 1962 huicciorum
890 1893 1054 1946 sententiam
1073 1892 1185 1960 aiiosdd

172 1969 226 2023 sibi
242 1972 380 2037 modicum
398 1972 436 2024 nd
450 1971 536 2024 eitam
554 1969 766 2023 sustentandam
783 1967 920 2036 privatim
936 1968 1094 2035 accipiam,
1107 1970 1133 2018 et
1144 1966 1185 2018 ad

175 2044 246 2098 aiios
259 2047 434 2112 transferunt
450 2046 516 2109 (quac
537 2045 639 2094 modica
656 2043 733 2093 stnrul
750 2043 839 2104 iuncte
855 2042 919 2104 quid
937 2055 1057 2105 maguum
1074 2041 1185 2104 iaciunt}

174 2124 199 2172 et
217 2117 271 2184 filii
293 2114 312 2169 d
331 2115 496 2183 parentibus
516 2112 685 2179 subripiunt.
703 2111 786 2166 Mitto
812 2125 954 2164 sermenem
976 2113 1132 2181 nequitias,
1155 2119 1183 2165 et

173 2188 361 2244 clandestinos
373 2186 561 2253 subreptiones
573 2199 686 2243 eorum,
699 2197 760 2251 pua
770 2184 808 2235 od
819 2183 945 2237 dominos
957 2200 1023 2238 suos
1032 2184 1180 2254 pertinent.

176 2266 256 2328 luitur
277 2276 325 2313 nee
348 2262 425 2323 brrjus
447 2260 559 2310 Cuuouts
587 2260 752 2311 observantie
773 2258 895 2324 rigebat,
916 2272 964 2310 nec
989 2273 1046 2311 eam
1068 2273 1181 2325 uuquam

174 2335 288 2400 uiguisse
300 2334 376 2394 dicit,
392 2338 438 2383 eut
454 2332 540 2382 lnouit
559 2331 629 2383 idern
649 2332 792 2397 interpres,
810 2334 856 2397 qui
873 2332 902 2383 id
919 2334 1015 2385 malum
1033 2332 1181 2386 non-reiort

175 2412 202 2461 iu
214 2408 306 2458 uitium
321 2407 363 2457 sui
381 2406 515 2469 temporis.
929 2426 930 2431 κ

183 2544 187 2551 ,
206 2490 275 2555 Con.
286 2487 327 2539 ot.
345 2485 399 2550 Qui
416 2498 496 2537 suom
511 2482 542 2535 in
558 2483 684 2537 maribus
702 2482 903 2552 turpitudinem
924 2485 1060 2548 ostendit,
1078 2485 1104 2538 ei
1117 2489 1182 2537 tem-

170 2575 223 2631 pus
234 2557 439 2627 dispensabitur
451 2556 544 2616 iltius,
559 2556 608 2624 qui
624 2557 756 2609 adulterii
771 2557 859 2609 sertus
871 2556 1003 2618 admisit,
1015 2559 1043 2609 id
1058 2566 1180 2610 estmas·

173 2637 290 2689 culorum
305 2633 484 2687 concubitores
505 2632 664 2694 punientur,
688 2640 717 2681 ut
733 2631 862 2690 adulteri,
884 2630 1033 2694 quindecim
1054 2643 1179 2683 annorum·

174 2709 337 2776 punitentia.

206 2809 275 2859 can.
292 2804 335 2855 63.
354 2799 408 2864 Qui
424 2798 459 2851 in
473 2798 619 2851 brutorum
640 2793 787 2847 concubitu
806 2806 888 2844 suam
907 2791 1075 2857 impietatem
1096 2796 1184 2860 proti·

174 2874 409 2939 tantummodum
425 2869 565 2924 rationem
584 2869 717 2932 confitens
738 2864 884 2926 observat,
904 2865 931 2915 id
949 2870 989 2914 est
1005 2865 1095 2914 endem
1105 2879 1181 2928 pinus

176 2956 315 3018 plectetur,
331 2950 479 3015 postquam
497 2944 592 3010 (inquit
610 2938 756 3003 balsamon)
776 2935 795 2988 d
812 2934 887 2990 malo
910 2933 1053 3000 defecerit,
1071 2940 1097 2989 et
1116 2951 1183 2989 con-

175 3025 263 3092 sessus
276 3019 370 3088 tuerit.
384 3018 434 3070 sed
450 3018 535 3069 uerior
547 3012 727 3077 interpretatio
740 3013 849 3063 collecta
861 3024 894 3061 ex
907 3013 1014 3062 Canon.
1026 3009 1067 3061 66
1084 3013 1181 3063 statiis

175 3097 279 3148 ridetur
297 3096 353 3145 hnc
367 3104 427 3145 esse
439 3128 453 3155 ,.
470 3090 567 3141 debere
589 3088 658 3137 bunc
678 3086 768 3137 subice
787 3084 936 3149 predictam
953 3083 1131 3147 poeniteutiam
1154 3086 1181 3134 iu

176 3168 241 3220 locis
251 3166 429 3229 prescriptis,
442 3170 469 3215 st
484 3160 603 3213 iudendo
619 3159 750 3224 publicaue
763 3157 954 3210 contessionem
964 3194 976 3216 ,
990 3170 1041 3219 quo
1057 3158 1097 3207 uel
1117 3170 1180 3207 cou-

175 3241 292 3293 fiterutur
310 3238 432 3290 delictum
450 3237 477 3287 iu
495 3235 594 3297 specio,
614 3234 654 3283 vel
671 3233 763 3284 saltent
781 3232 898 3292 diceret,
916 3245 945 3282 se
962 3229 1105 3281 foedissime
1119 3242 1179 3292 poc-

175 3324 248 3367 ossse
259 3346 267 3372 ,
279 3310 319 3360 rel
330 3321 390 3360 esse
406 3309 540 3360 homiuum
552 3306 759 3370 nequissimum,
773 3318 830 3368 quae
844 3304 974 3355 consessio
991 3302 1109 3353 iaciendo
1126 3308 1181 3352 erut

173 3396 291 3450 tempore
305 3384 396 3443 fletus,
414 3388 443 3433 ut
461 3382 556 3432 dicitur
566 3393 598 3430 eo
612 3382 720 3431 canon.
733 3380 775 3430 66.
789 3386 816 3429 et
829 3379 947 3430 innuitur
961 3378 1030 3429 Gau.
1042 3387 1117 3440 sequ.
1129 3387 1179 3439 quo

174 3459 266 3515 eudem
283 3469 359 3523 poeue
372 3456 506 3520 infligitur.
518 3455 550 3505 Et
564 3456 634 3517 Can.
648 3453 692 3503 76.

180 3562 185 3569 ’
208 3549 276 3598 tau.
295 3547 337 3598 db.
350 3541 486 3609 Periurur
504 3540 631 3595 undecim
647 3538 872 3593 assumserit
893 3516 1095 3589 communionis
1111 3550 1180 3603 par·

175 3619 279 3686 ticeps,
301 3614 408 3670 duobus
433 3614 516 3668 amus
540 3613 664 3682 debeor,
693 3610 781 3665 tribus
804 3608 942 3672 audeus,
968 3611 1091 3673 quatuor
1116 3607 1179 3659 serb-
