2617 4192
378 205 479 268 xlvi
1003 208 1767 282 Dissertatio'froteqomena.

376 291 604 345 ictorum
639 292 960 360 judicibus,
1009 302 1077 350 ut
1110 311 1235 351 cum
1274 303 1626 356 conveniente
1654 307 1929 359 canonica
1957 311 2251 365 severitate
2279 314 2393 368 cru-³·

376 365 535 418 mina
570 366 731 419 coedis
774 368 1057 434 puniant,
1106 377 1157 424 et
1210 379 1461 441 tempora
1502 391 1619 429 non
1664 385 1861 431 temere
1902 384 2392 444 contrahant,'ns

371 435 670 506 plusquam
699 453 812 507 par
842 440 949 505 sit,
985 442 1048 494 in
1084 444 1156 496 iis
1200 460 1323 513 quoe
1359 461 1474 502 non
1514 451 1694 513 decet,
1725 466 1780 504 se
1810 453 1956 506 tenes
1978 491 1995 515 ‚
2030 460 2083 508 et
2107 456 2390 513 clementes

373 509 651 577 p'raestent.
688 512 1003 581 Imperialis
1030 517 1401 574 autem⁸meoe
1440 524 1859 578 constitutionis
1888 530 2142 597 exempla
2174 533 2246 583 ab
2286 534 2385 593 iis,

375 584 472 652 qui
499 590 751 652 proesunt
774 585 1042 653 judiciis,
1082 591 1389 661 descripta,
1431 598 1600 649 missa
1634 599 1718 651 'ad
1760 600 2069 665 Bet-tesius,
2103 618 2225 671 quoe
2253 609 2391 658 'sunt

375 655 438 728 in
484 657 747 724 removte,
785 658 865 711 ibi
906 670 1283 729 reponentur,
1328 674 1391 727 ut
1438 684 1665 733 eorum,
1709 684 1830 738 quoe
1874 679 2008 726 sunt
2045 678 2388 738 constitutas

377 740 561 783 omnes
596 731 885 784 scientiam
924 734 1201 797 habeant,
1241 745 1304 791 ut
1349 741 1601 808 saciant,
1646 746 2217 811 quemadmodumcis
2246 756 2391 804 cosn-

372 803 747 870 prehenditur.
775 807 934 868 Quod
954 808 1005 860 si
1035 809 1084 859 is
1107 811 1205 876 qui
1227 819 1391 880 capto
1418 815 1650 868 consilio
1686 818 1883 869 coedem
1903 819 2034 886 fecit
2051 859 2065 882 ,
2097 826 2391 876 tonsuram

373 884 479 929 sua
502 881 696 943 sponte
724 877 946 945 eieqerit
963 917 977 938 ,
1004 895 1118 934 non
1154 885 1360 951 absque
1386 888 1720 954 probatione
1742 890 1891 944 inter
1920 897 2222 948 monachos
2262 901 2389 949 coo·-

373 943 650 1017 ptabitur,
680 956 775 1009 sed
803 952 1090 1023 sufficienti
1124 961 1366 1024 tempore
1395 963 1838 1024 accuratissime,
1865 970 1914 1016 et
1948 966 2386 1034 ditiqentisstme.

375 1038 444 1076 ea:
483 1029 768 1081 canonicis
809 1027 1298 1082 constitutionibus
1336 1033 1726 1093 examinatus,
1767 1041 1819 1088 et
1856 1037 2127 1103 probatus
2162 1041 2225 1094 in
2269 1058 2389 1095 mu·

373 1099 646 1159 nasterio,
668 1099 752 1151 vel
774 1099 982 1151 invitus
1008 1103 1122 1150 toto
1153 1104 1394 1166 tempore
1418 1117 1644 1157 manere
1667 1113 1916 1173 coqetur‚
1942 1122 2043 1162 nec
2070 1112 2121 1163 ci
2138 1125 2393 1182 unquam

372 1169 523 1222 exire
551 1171 925 1238 permittetur.
954 1173 1361 1224 Monasterium
1406 1182 1592 1227 autem
1632 1179 1736 1230 erit
1771 1180 1999 1233 omnino
2029 1182 2091 1233 in
2120 1183 2225 1236 itta
2258 1202 2394 1253 pro-

369 1239 584 1302 vincia,
630 1249 681 1294 et
718 1257 834 1295 non
869 1242 933 1295 in
971 1256 1038 1295 ea
1089 1248 1276 1304 terra,
1320 1259 1443 1313 quoe
1481 1250 1691 1302 mortui
1733 1252 2065 1319 sanquinem
2110 1256 2387 1317 dehiscens

371 1313 514 1365 male
534 1316 789 1382 suscepit.
2373 1355 2380 1363 ·

379 1407 387 1413 ·
434 1389 506 1438 Ex
549 1390 642 1440 hac
675 1391 1049 1441 constitutione
1080 1391 1279 1450 habes.
1308 1395 1387 1444 uti
1431 1395 1557 1446 olim
1587 1397 1893 1459 homicidas,
1927 1399 2019 1462 qui
2053 1407 2391 1459 recurrebant.
2426 1415 2437 1431 “

371 1465 434 1517 ud
461 1467 738 1518 Ecclesiam
762 1501 775 1524 ‚
799 1471 853 1514 et
876 1472 1143 1527 acceptum
1173 1467 1238 1516 ab
1264 1467 1526 1532 Episcopo
1560 1472 1812 1533 scriptum
1846 1473 2196 1528 absolutionis
2231 1481 2388 1530 testi·

369 1540 599 1589 {nonium
640 1538 1011 1602 proferebant,
1059 1537 1162 1588 fori
1209 1542 1471 1593 saecularis
1522 1557 1701 1605 poenas
1747 1544 2078 1598 declinabant
2104 1586 2120 1611 ,
2166 1558 2221 1602 et
2262 1553 2387 1605 ideo

367 1613 670 1676 praedictum
699 1611 919 1661 militem
955 1609 1120 1661 fuisse
1153 1609 1301 1662 datis
1328 1611 1553 1680 scriptis
1579 1617 1646 1666 ab
1680 1614 1938 1681 Episcopo
1972 1620 2287 1674 absolutum.

434 1685 603 1734 Habes
654 1684 884 1734 secundo
912 1719 926 1744 ,
972 1694 1037 1733 ex
1092 1682 1383 1744 iustissima
1434 1699 1590 1738 causa
1635 1700 1739 1737 non
1790 1688 2036 1741 debuisse
2084 1693 2387 1758 huiusmodi

366 1757 679 1820 poenitentes
716 1756 869 1806 facile
909 1756 1150 1816 absolvi,
1186 1763 1240 1806 et
1277 1759 1422 1809 brevi
1471 1761 1807 1831 paenitentia,
1853 1764 2176 1824 gravissimis
2218 1781 2387 1821 saecu-

367 1827 493 1880 laris
522 1830 622 1880 fori
646 1830 815 1893 poenis
849 1829 1091 1890 liberari,
1121 1843 1181 1879 ac
1204 1832 1425 1892 proinde
1447 1844 1549 1882 non
1580 1833 1675 1882 abs
1708 1845 1766 1883 re
1794 1831 1955 1884 ruisse
1976 1837 2207 1898 praedicti
2234 1843 2386 1892 Anti-

366 1906 507 1956 stitis
540 1905 759 1956 nimium
791 1904 1061 1955 clementis
1079 1900 1336 1971 judicium
1373 1905 1703 1967 damnatum,
1737 1913 1791 1958 ct
1818 1908 2172 1963 reformatum.
2210 1914 2386 1967 Habes

368 1979 575 2029 tandem
603 2015 618 2041 ‚
662 1979 718 2029 id
775 1979 1067 2040 exemplum
1114 1989 1217 2026 non
1273 1985 1414 2029 recte
1464 1979 1635 2029 afferri
1687 1979 1752 2028 ad
1800 1982 2233 2043 comprobandam
2278 1987 2382 2038 fori

365 2049 580 2110 interni,
615 2057 669 2101 et
701 2052 873 2101 arcani
905 2050 1262 2106 severitatem,
1304 2050 1359 2098 in
1383 2063 1488 2111 quo
1524 2052 1838 2112 poenitentes
1860 2054 2085 2104 absoluti
2110 2060 2220 2106 *non
2256 2071 2385 2109 evav-

365 2121 495 2171 dunt
527 2134 683 2171 onera
705 2158 720 2182 ‚
743 2126 798 2172 et
834 2130 1014 2183 poenas
1045 2120 1232 2181 judicii
1271 2123 1539 2170 secularis,
1567 2123 1875 2184 Huiusmodi
1911 2134 2081 2177 autem
2118 2137 2239 2180 sunt
2271 2131 2382 2183 fere

365 2194 539 2243 omnia
582 2203 698 2255 quse
734 2191 891 2241 modo
935 2192 1002 2240 ab
1048 2191 1316 2252 aliquibus
1361 2193 1645 2243 afferuntur
1690 2195 1743 2243 in
1790 2209 1894 2246 suae
1933 2198 2068 2250 forte
2107 2213 2208 2252 non
2250 2205 2381 2255 satis

364 2265 626 2326 probatae,
671 2269 760 2312 aut
794 2261 1072 2325 probandae
1126 2263 1422 2314 severitatis
1468 2266 1831 2328 patrocinium.
1867 2269 1965 2320 Sed
2005 2284 2382 2338 prosequamur

365 2336 535 2396 magni
572 2335 750 2385 Basilii
778 2328 1029 2386 canones.
1385 2334 1388 2339 “

370 2417 374 2422 ·
427 2410 564 2459 Can.
590 2409 673 2459 75.
714 2405 974 2472 Quicum
1002 2405 1325 2474 propinqua
1365 2422 1435 2463 ecc
1462 2415 1659 2479 patre,
1700 2412 1786 2466 vet
1817 2419 2031 2477 matre,
2069 2417 2155 2470 vel
2189 2433 2377 2474 sorore

354 2476 609 2548 pollutus
635 2483 713 2531 est
733 2515 749 2538 ,
776 2479 838 2531 in
862 2479 1084 2531 domum
1108 2481 1384 2534 orationis
1416 2497 1486 2536 ne
1510 2486 1874 2552 permittatur
1900 2489 2180 2550 accedere,
2207 2492 2384 2546 donec*

361 2550 432 2604 ab
457 2550 685 2620 iniqua,
709 2551 794 2604 vel
822 2551 1045 2619 nefaria
1083 2552 1303 2604 actione
1337 2556 1585 2609 desistat.
1617 2561 1922 2624 Postquam
1954 2567 2139 2613 autem
2160 2563 2221 2615 in
2245 2565 2376 2617 bor-

359 2625 520 2678 rendi
549 2625 767 2693 peccati
796 2626 1046 2686 sensum,
1084 2630 1135 2678 et
1171 2626 1706 2681 animadversionem
1739 2632 1973 2691 venerit,
2016 2635 2254 2688 triennio
2281 2638 2377 2688 de·

359 2697 498 2766 flens
543 2703 707 2751 stans
745 2711 922 2766 prope
973 2699 1122 2764 fores
1174 2698 1370 2752 domus
1416 2702 1713 2762 oratoriae,
1763 2709 1812 2754 et
1857 2717 2067 2768 roqans
2105 2707 2377 2773 populum

282 2777 286 2781 ’
357 2769 751 2838 inqredientem
782 2770 857 2822 ad
891 2771 1228 2828 orationem,
1259 2776 1323 2822 ut
1361 2773 1735 2839 unusquisque
1764 2789 1873 2840 pro
1905 2775 2025 2840 ipso
2062 2777 2377 2832 miscricor-

357 2843 499 2896 diter
543 2843 618 2895 ad
660 2841 959 2895 Dominum
996 2842 1246 2894 intensas
1281 2843 1486 2908 fundat
1530 2858 1735 2910 preces.
1778 2849 1979 2896 Postea
2028 2849 2214 2896 autem
2256 2851 2375 2904 alio

359 2915 598 2970 triennio
643 2913 719 2967 ad
755 2913 934 2965 solam
978 2913 1320 2965 auditionem
1363 2914 1697 2964 admittatur
1723 2950 1738 2975 ‚
1783 2921 1834 2966 et
1876 2914 2213 2981 scripturam
2238 2955 2251 2976 ,
2302 2936 2374 2976 ac

358 2987 673 3042 doctrinam
714 2984 945 3038 audiens
983 2984 1273 3052 ejiciatur,
1316 2988 1367 3035 et
1409 2997 1507 3036 nec
1548 2983 1803 3037 oratione
1842 2986 2043 3054 diqnus
2077 2986 2367 3050 habeatur.

357 3060 563 3114 Deinde
583 3058 631 3111 si
652 3057 869 3125 quidem
892 3055 1053 3108 iilam
1080 3069 1205 3108 cum
1239 3054 1503 3122 lacrymis
1535 3058 1857 3124 exquisivit,
1896 3065 1948 3112 et
1976 3061 2211 3115 Domino
2244 3079 2373 3121 cum

358 3130 542 3186 cordis
595 3129 926 3184 contritione
951 3164 967 3191 ‚
1023 3133 1073 3180 et
1118 3125 1313 3180 valida
1360 3128 1745 3184 humiliatione
1795 3132 2034 3200 supplex
2078 3138 2364 3201 procedit,

356 3204 515 3260 detur
551 3201 602 3255 ei
635 3199 938 3254 substratio
972 3199 1033 3251 in
1058 3198 1187 3252 aliis
1225 3199 1402 3254 tribus
1431 3203 1622 3261 annis,
1654 3207 1704 3256 et
1744 3203 1823 3258 sic
1858 3212 2157 3274 postquam
2187 3208 2370 3275 poeni-

360 3276 537 3328 [susim
557 3276 769 3340 frus-‘ns
793 3272 988 3340 stsgffrtos
1009 3272 1336 3332 ostenderit,
1357 3275 1562 3331 decimo
1585 3291 1737 3331 anno
1762 3277 1825 3330 in
1847 3280 2091 3346 fidelium
2114 3282 2369 3336 oratione

356 3348 693 3416 snsctps‘utm*
717 3360 829 3396 sint*
865 3344 1163 3408 oblatione,
1190 3350 1240 3398 et
1263 3361 1388 3400 cum
1411 3349 1623 3403 duobus
1646 3350 1812 3402 annis
1834 3366 1953 3404 una
1978 3366 2103 3404 cum
2115 3353 2367 3418 fidelibus

352 3424 428 3472 ml
452 3420 757 3472 cratisnum
797 3416 1130 3480 substiterit,
1156 3418 1236 3473 sio
1263 3419 1514 3490 deinceps
1536 3421 2039 3491 dignus-habeatur
2066 3422 2198 3477 boni
2220 3440 2369 3479 com·

360 3508 404 3544 st!
416 3496 633 3544 eminus.

420 3572 557 3616 (Tun.
585 3568 661 3616 ῑᾞ.
689 3568 829 3616 hit-m
865 3567 940 3616 est
973 3560 1262 3617 decretuni'
1278 3564 1340 3616 in
1369 3580 1459 3619 eos
1481 3579 1695 3634 quoque
1723 3567 1822 3633 qui
1850 3581 1983 3619 suas
2012 3582 2203 3654 nurus·
2224 3573 2364 3655 acci}

352 3632 533 3704 pium.
585 3640 673 3688 llic
721 3648 861 3688 ιιιιιιιι
905 3640 1189 3703 interpres,
1228 3640 1369 3705 quod
1416 3641 1481 3692 iis
1523 3638 1620 3705 qui
1660 3639 1955 3702 desistunt,
1998 3655 2115 3695 non
2158 3655 2232 3696 m
2266 3657 2364 3712 qut

443 3976 476 4100 5}
