2617 4192
513 257 796 314 necimmerito
1084 261 1156 329 lm]

123 351 286 425 ,penitebit
300 360 383 404 annos
401 346 485 413 duoe3
503 349 526 399 si
544 348 612 399 liber
629 356 682 412 est,
700 356 729 403 et
745 346 912 403 matrimonio
927 349 1054 414 iunctus,
1072 363 1155 404 annos

145 429 265 479 decem.
282 425 306 476 si
327 424 444 483 solutus,
468 434 551 472 anuos
571 428 698 486 septem:
719 420 812 485 pueri,
835 420 894 473 dics
916 431 1048 475 centnm.
1070 424 1155 476 laicus

144 499 312 554 nralrimonlo
329 497 454 560 junctus,
470 495 493 544 si
510 494 537 544 in
555 493 771 545 consuetudinem
789 494 927 557 habuerit,
943 509 1024 548 annos
1040 496 1153 562 quinde-

145 574 214 624 eim:
227 569 390 628 siclericus,
405 566 439 618 de
453 565 533 629 gradu
550 573 653 618 amotus
670 574 700 618 ut
716 567 798 618 laicus
815 566 994 629 poenitentiam
1008 575 1089 633 aget
1082 606 1089 621 .
1107 570 1154 637 qul

145 658 204 696 cum
222 644 301 694 tratre
317 643 369 693 tale
386 640 472 691 scelus
492 639 643 699 admiserit,
662 640 695 690 ab
714 640 785 690 omni
802 651 879 690 carne
896 640 1051 701 abstinebit,
1067 642 1155 706 pont·

144 726 255 781 iensque
271 715 321 766 erit
337 713 412 764 annis
436 710 609 776 quindecim:
629 711 786 782 siclericus
807 712 977 777 diuturniori,
997 719 1025 766 et
1041 713 1153 779 gratiori

144 789 296 854 poenitentia
308 787 441 839 adicietur.

176 862 221 911 vir
238 875 267 913 se
281 860 435 923 inquinans,
456 858 539 923 primo
557 856 615 908 dies
632 855 740 919 deoenr3
759 857 782 909 sl
797 857 909 918 iterum,
927 854 985 907 dies
1000 855 1110 922 uiginti·
1128 858 1153 911 si

143 935 239 995 tertio,
257 934 315 984 dies
333 933 384 995 tri,
370 932 465 980 iota·
482 931 505 981 si
521 931 620 981 nelarie
641 943 718 996 agere
739 938 847 994 perget,
864 892 1019 995 penitentie
1039 933 1153 985 accessio

144 1009 170 1062 ei
183 1007 246 1059 fiet:
264 1006 288 1059 si
301 1019 379 1073 puer,
398 1005 456 1057 dies
474 1004 662 1070 quadraginin
682 1004 706 1055 sl
723 1005 807 1069 major
824 1003 973 1069 quindecim
989 1005 1077 1069 arnis,
1094 1004 1153 1059 dies

145 1086 263 1133 centum.

178 1152 228 1213 Qui
240 1150 374 1214 complexu
389 1149 498 1202 loominae
507 1187 516 1212 ,
526 1148 567 1199 rei
580 1149 669 1201 osculo
681 1148 821 1214 polluitur,
835 1146 1012 1212 penitentiam
1023 1153 1083 1214 eget
1094 1146 1152 1203 dies

144 1223 253 1287 triginta
267 1235 275 1272 t
293 1223 339 1286 qui
352 1228 468 1274 contactu
481 1221 670 1281 inverecundo,
683 1234 786 1273 mensos
796 1229 858 1273 tres.

176 1296 225 1361 Qui
234 1294 380 1361 concupiuit
391 1292 545 1353 mente,sed
556 1305 607 1344 non
620 1292 720 1356 potuit,
731 1291 787 1344 dies
799 1294 887 1347 decem
894 1294 1070 1359 poenitentium
1081 1298 1150 1357 aget.

174 1367 223 1430 Qui
242 1366 403 1430 turpiloquio
419 1372 578 1429 aspectuque
594 1364 721 1428 polluitur
739 1364 890 1431 negligens,
903 1379 952 1418 ncc
964 1380 1022 1418 rere
1042 1368 1150 1431 peceare
1187 1428 1191 1435 ⁴

141 1441 239 1502 uoluit,
260 1439 515 1503 poenitentiamaget
536 1438 593 1488 dies
611 1436 703 1505 uiginti
723 1452 730 1487 ι
750 1439 773 1488 si
790 1451 849 1489 uero
869 1440 1064 1504 impugnatione
1089 1445 1150 1491 ten·

143 1512 251 1564 tationis
262 1512 431 1575 inquinatur,
444 1510 583 1573 poenitebit
595 1511 658 1561 item
671 1509 728 1560 dies
741 1510 840 1573 uiginti.

174 1583 335 1647 Quicumque
351 1584 508 1636 lenocinium
527 1582 690 1643 exercuerit,
706 1587 762 1632 toto
780 1584 838 1633 rilae
855 1589 973 1648 tempore
989 1580 1147 1648 poenilebilt

108 1682 123 1701 κ
140 1658 206 1709 item
216 1669 316 1709 sacram
326 1656 534 1708 communionem
547 1667 599 1706 non
611 1654 736 1719 accipiet,
748 1655 799 1706 nisi
810 1655 837 1705 in
849 1652 908 1705 bne.

173 1728 203 1779 st
213 1741 272 1793 quse
287 1729 380 1779 mulier
397 1740 515 1789 cerussa,
535 1726 620 1779 alioue
638 1728 771 1791 pigmento
790 1740 819 1779 se
836 1725 947 1791 oblinit,
962 1734 993 1780 ut
1007 1725 1067 1781 eliis
1083 1725 1149 1781 viris

143 1802 261 1868 placeat,
273 1803 429 1865 poenitentia
439 1802 563 1854 afficietur
574 1814 700 1854 annorum
713 1800 800 1852 trium.

142 1970 211 2032 vlt.
229 1969 361 2031 canones
380 1970 562 2033 Punitentin
582 1969 799 2117 ndtseptimum
817 1969 946 2049 decalogi
969 1974 1148 2050 preceptum

558 2073 676 2139 opocen
690 2073 730 2117 cs.

171 2236 220 2299 Qui
232 2232 332 2287 iuratus
342 2240 383 2286 eet
395 2231 495 2299 aliquid
506 2233 538 2285 de
550 2232 671 2285 Ecclesiae
685 2233 855 2298 supellectili,
866 2233 908 2287 uei
922 2232 1060 2298 thesauro,
1072 2235 1145 2301 quod

138 2308 264 2364 substulit
281 2307 389 2367 reddet,
408 2313 435 2358 et
454 2313 507 2357 tres
522 2305 626 2358 carinas
646 2303 902 2374 (Quadrupesietnt)
917 2320 975 2361 cum
986 2314 1087 2381 septem
1100 2321 1145 2362 se·

138 2380 281 2448 quentibus
292 2379 367 2431 anuis
378 2378 526 2441 poenitebit.

171 2452 221 2515 Qui
241 2464 328 2505 sacras
344 2449 471 2515 reliquias
488 2447 589 2503 fruetus
609 2454 665 2510 est,
685 2448 740 2501 iltis
759 2449 904 2514 restitutis,
925 2459 1024 2518 septem
1043 2453 1144 2508 omnes

148 2523 274 2589 eiunabit

135 2526 145 2592 ¹
169 2596 308 2649 Pecuniam
325 2594 499 2646 Ecclesrarum
511 2594 630 2654 sumtus
643 2592 815 2660 quadruplum
831 2594 941 2648 reddet.
956 2597 979 2648 sl
998 2596 1062 2659 qnid
1079 2597 1143 2649 item

137 2669 172 2731 de
182 2669 329 2721 ministerio
340 2667 462 2752 Ecclesie
478 2666 657 2733 aliquomodo
669 2668 841 2733 surripuerit,
856 2670 987 2732 poenitens
1001 2668 1051 2720 erit
1061 2680 1144 2722 annos

134 2745 245 2806 septem.

168 2812 315 2877 sacrilegus
333 2824 420 2865 rerum
440 2811 706 2864 ecclesiasticarum
697 2824 819 2873 invasor,
844 2817 899 2862 tres
918 2822 1001 2862 annos
1024 2822 1142 2863 commu·

135 2883 216 2937 trione
236 2884 406 2949 privabitur,
420 2892 451 2936 ae
469 2890 594 2948 preterea
613 2884 671 2936 sine
692 2899 741 2936 usu
762 2884 866 2945 carnis,
885 2894 916 2934 ac
936 2882 1070 2947 potatione
1088 2884 1142 2936 tini

136 2969 223 3021 usque
230 2956 264 3007 ad
276 2958 439 3020 septennium
449 2957 581 3023 penitens
591 2957 762 3020 permanebit

169 3028 220 3089 Qui
235 3027 376 3081 Ecclesiam
394 3029 552 3091 incenderit,
570 3034 616 3081 aut
631 3027 754 3080 incendio
775 3027 954 3090 consenserit,
973 3028 1141 3082 restitutione

136 3099 225 3160 lacta,
237 3101 416 3162 poenitentiam
430 3110 490 3166 aget
504 3102 580 3153 aunis
591 3101 749 3165 quindecim.

168 3170 196 3222 Si
207 3171 268 3236 quis
279 3172 345 3227 maio
356 3173 459 3235 studio,
470 3174 511 3225 tel
525 3173 601 3235 odio,
611 3174 651 3225 uei
664 3172 819 3225 ulciscenda
834 3171 937 3236 injurie
954 3158 1032 3225 musa
1049 3171 1140 3225 ineen-

135 3243 208 3297 dium
230 3245 402 3307 commiserit,
424 3245 584 3297 committite
604 3246 731 3309 jusserit,
751 3252 796 3296 aut
818 3243 977 3295 incendiario
996 3246 1139 3309 auxilinm,

133 3318 175 3370 tel
186 3316 324 3369 consillum
336 3318 448 3389 scienter
460 3315 579 3378 dederit,
591 3316 853 3369 excommunicetur:
866 3325 984 3370 mortuns
997 3318 1138 3370 christiana

132 3390 268 3454 sepultura
287 3390 402 3452 carebit,
421 3402 470 3442 nec
489 3403 550 3442 uero
567 3390 734 3449 absolvetur,
754 3388 806 3440 nisi
824 3387 946 3439 damnum
964 3401 1011 3453 pro
1032 3388 1138 3442 lacolta-

132 3464 204 3515 tibus
219 3462 583 3527 resarcirerit,1urareritque
593 3473 622 3514 se
637 3462 813 3526 inposterum
829 3461 884 3512 tale
895 3460 996 3513 lacinus
1007 3473 1138 3529 nunquam

131 3534 316 3588 admissurum.

163 3605 191 3657 si
202 3606 262 3671 quis
274 3604 421 3670 sepulcrum
431 3605 579 3670 uiolauerit,
591 3606 721 3675 poenitens
736 3607 787 3659 erit
798 3618 880 3660 annos
891 3614 1005 3675 septem,
1017 3604 1139 3676 equibus

131 3686 185 3735 tres
196 3678 224 3731 iu
238 3689 305 3749 pane
316 3684 344 3732 et
354 3690 430 3744 aqua
