2617 4192
1110 161 1140 239 ¹t'

131 321 201 374 baud
221 334 297 374 seeus
314 328 392 385 atque
410 319 467 383 haee
481 332 573 385 magna
584 320 709 391 iiorniis,
727 319 743 371 i
762 333 815 384 qua
835 321 925 387 proeui
943 321 1025 373 dubie
1044 334 1139 385 meun-

131 404 193 455 dom
204 388 307 466 est,ab
323 401 395 453 omni
414 414 523 454 censura
540 402 657 455 immune
675 394 838 454 deciaratum
854 404 908 465 sit,
923 406 1080 468 quaestiones
1093 406 1139 458 eii·

131 490 196 550 quot
206 472 318 535 momies
331 480 393 532 inde
411 481 622 546 deprompsimus
634 489 713 547 atque
730 479 822 534 buteee
838 480 949 535 editioni
963 485 1138 551 inseruimus,

131 573 161 616 ut
180 564 328 616 universnm
350 563 496 615 doctrinam
513 563 637 614 moraiem
659 562 839 631 §.bipbonsb
857 571 1064 641 quantacumque
1084 567 1137 639 sit,

130 645 184 709 iarn
201 657 272 697 nuno
290 645 373 697 lector
391 644 496 695 babeat.
515 642 580 694 Sunt
594 645 651 695 imo
669 643 697 693 in
715 644 765 695 bae
782 645 890 710 maioris
907 646 1138 712 moiisTbeoioqia

130 714 188 778 ieea
215 725 334 791 quaedum
359 727 472 777 bissem
500 732 529 776 et
555 725 728 788 interpretatu
755 724 897 801 difficilia,
928 738 986 790 qum
1018 733 1074 778 tum
1097 715 1137 793 'er

131 806 238 859 laudato
257 820 337 872 opere
360 808 452 858 Home
476 803 735 872 eportotieurmum
755 819 788 857 ex
810 807 943 870 prioribus
961 807 1137 871 editionibus,

131 891 276 954 presertim
286 889 413 957 Romanis
424 888 561 939 etvenetis
572 888 711 951 expianare
722 888 932 942 allaboravimus.
940 889 1027 952 ipsunt
1039 895 1136 951 textum

131 984 239 1022 summm
258 971 386 1021 babentes
406 970 544 1034 reiigioni,
563 970 628 1020 nibii
646 971 753 1021 omnino
764 1007 772 1031 ‚
784 982 838 1035 qno
855 983 948 1033 sensuve
970 972 1069 1031 turbari
1089 985 1136 1036 po·

132 1051 237 1111 inisset,
249 1052 277 1102 in
288 1063 321 1102 eo
331 1051 539 1110 immutavimus,
556 1050 603 1102 sed
615 1051 639 1101 si
650 1051 714 1115 quid
729 1051 832 1113 deerat,
845 1063 892 1114 pro
910 1051 1011 1102 viribus
1026 1040 1137 1102 restitui·

131 1143 199 1203 mus.
222 1130 315 1182 iiieeve
334 1131 403 1182 bauti
420 1131 585 1193 dubitamus,
602 1132 630 1182 in
647 1128 809 1183 editionibus
822 1131 953 1194 prioribus
967 1132 1008 1184 eei
1030 1134 1137 1211 optimis

129 1223 249 1263 maneum
266 1212 335 1264 tradi
347 1225 525 1277 sepenumero
544 1222 660 1273 textum,
672 1226 749 1278 quem
759 1214 814 1276 iam
825 1226 894 1263 nune
905 1215 1032 1280 integrum
1052 1215 1143 1287 affere,

128 1304 197 1344 mus.
218 1295 349 1345 Tmetatui
372 1295 406 1346 de
420 1295 580 1346 couscientia
605 1307 652 1345 seu
668 1293 858 1357 probabitismo
876 1294 987 1344 muitum
1006 1296 1136 1359 pvaeeipnb

129 1374 238 1424 accessit
256 1375 441 1438 perfeetionis,
453 1376 570 1426 numeris
586 1375 707 1438 piurimis
723 1374 769 1437 qui
786 1374 993 1436 penitdsomissi
1009 1374 1134 1440 inerant,

129 1454 268 1505 restitutis.
281 1455 371 1518 Neque
391 1454 458 1506 iliud
477 1454 582 1505 silentio
602 1453 825 1517 praetereundum,
841 1452 913 1516 quod
933 1454 1035 1507 animus
1046 1462 1136 1507 noster

128 1533 205 1585 vaide
223 1533 251 1583 in
271 1533 322 1584 boe
338 1535 537 1595 intendebatur,
551 1542 580 1585 ut
597 1534 771 1600 questiones,
783 1545 849 1596 quas
868 1533 926 1596 ipse
947 1543 1038 1586 auctor
1056 1536 1136 1587 reior-

128 1622 261 1676 maneret,
273 1615 371 1678 ubique
383 1615 467 1666 textui
483 1615 588 1666 insertae
606 1622 650 1665 aut
668 1614 792 1677 subiectae
813 1627 914 1665 summa
931 1627 990 1666 eum
1002 1614 1053 1667 iide
1064 1617 1135 1668 exbi-

129 1696 264 1747 berentur.
285 1695 346 1756 Qnae
363 1694 390 1744 S.
407 1696 558 1760 Aipbonsus
575 1696 702 1746 idiomate
721 1708 790 1755 sno,
813 1694 832 1745 i.
856 1708 880 1746 e.
900 1696 990 1747 iteiieo
1013 1698 1135 1762 scripsit,

128 1777 157 1826 in
181 1777 290 1828 latinum
308 1766 450 1836 vertimus,
471 1789 505 1828 ne
522 1776 588 1840 quid
605 1777 658 1836 sit,
678 1775 750 1839 quod
770 1777 785 1826 ia
806 1774 904 1827 ieetore
924 1777 1019 1840 iinguae
1040 1777 1134 1830 itatiee

127 1858 220 1921 ignaro
229 1871 281 1907 non
292 1856 585 1918 inteiitqatnr.Quaedam
595 1857 746 1921 adjecimus,
757 1869 814 1920 quae
824 1870 889 1907 nova
901 1858 916 1908 a
926 1866 1010 1909 morte
1019 1860 1134 1911 auctoris

130 1939 209 1989 Sedis
220 1936 358 2001 pontideiae
369 1936 472 1987 decreta
483 1937 618 1999 prodiere;
628 1945 669 1989 est
678 1950 847 2003 quecumque
858 1937 947 1988 addita
957 1941 997 1989 vet
1010 1947 1133 1991 annotata

128 2012 249 2078 iuverunt,
261 2030 364 2081 semper
375 2019 401 2067 in
413 2019 464 2069 ima
476 2018 570 2082 pagina
581 2018 752 2080 subjecimus,
765 2018 798 2068 de
809 2030 839 2068 re
850 2014 986 2070 ntnuentes
997 2021 1130 2072 lectorem.

126 2098 190 2148 Cim
213 2097 276 2150 vero
299 2099 353 2149 baee
375 2098 515 2162 Tbeoiogie
538 2099 641 2161 corpori
664 2100 752 2161 legum
774 2098 891 2148 eiviiium
917 2112 1081 2150 romanarum
1103 2101 1130 2151 in

129 2177 285 2230 decidendis
297 2180 488 2242 questionibus
501 2179 570 2242 juris
580 2178 718 2240 innititur,
730 2180 822 2230 ieetori
836 2180 886 2231 sub
901 2179 959 2243 iege
972 2181 1062 2243 gallica
1074 2194 1134 2233 eon·

126 2259 219 2311 stituto
240 2266 388 2324 pergratum
404 2258 462 2311 iore
481 2259 688 2310 existimavimus
711 2259 734 2310 si
754 2259 788 2310 ad
811 2260 1001 2312 controversias
1021 2261 1133 2324 justitia

127 2339 287 2392 dirimendas
300 2341 424 2404 praecipui
435 2340 539 2391 Codicis
553 2339 640 2390 eiviiis
656 2340 742 2403 gaiiiei
753 2340 857 2391 articuli
868 2339 1045 2392 irriderentur.
1057 2344 1133 2394 bece-

127 2417 278 2485 ditquoque
286 2420 607 2472 dissertatioadmoreiem
615 2420 798 2483 prolegomena
807 2419 951 2470 doctissimi
961 2420 1131 2484 P.Zacbariae,

127 2513 185 2564 qum
193 2502 227 2552 ab
235 2501 294 2565 ipse
303 2500 446 2552 venerabili
455 2507 561 2551 austere
568 2501 685 2564 expetita
691 2501 818 2564 ,insignis
827 2506 868 2552 est
876 2501 903 2550 in
915 2500 999 2563 ipsius
1009 2501 1130 2553 Moraiem

125 2581 296 2633 introductio.
312 2581 378 2635 Sunt
391 2582 470 2633 etiam
487 2580 605 2644 quedam
618 2580 684 2642 aiia,
693 2593 751 2645 quae
762 2582 790 2630 in
801 2581 912 2644 gretiam
925 2579 1013 2642 operis
1022 2583 1132 2643 praemit·

124 2660 271 2712 tendaesse
280 2661 429 2712 censuimus
437 2672 546 2725 quaeque
563 2661 590 2710 in
605 2660 691 2724 primo
702 2659 832 2711 volumine
841 2665 868 2711 et
882 2671 984 2709 summa
995 2658 1022 2709 in
1038 2662 1131 2725 pagina

124 2742 242 2792 numeris
249 2741 364 2792 romanis
374 2741 522 2793 indicantur
529 2754 559 2791 ae
570 2741 827 2793 eontinentnriieme
836 2739 930 2799 neseit,
937 2739 964 2789 S.
970 2739 1131 2802 Aipbonsum

125 2820 961 2886 frequentissimeincitandisseviptoribusnominaeurtatantum
969 2820 1131 2886 dimidiaque

125 2899 247 2962 laudare,
261 2908 410 2966 pergratum
422 2901 511 2965 itaque
521 2904 613 2953 lectori
630 2901 699 2964 erit,
711 2901 738 2952 in
749 2900 800 2952 iine
811 2900 899 2966 operis
909 2899 1003 2951 borum
1015 2902 1131 2954 omnium

127 2979 241 3031 indioem
258 2980 449 3044 aipbabetienm
460 2982 592 3045 reperire,
605 2982 633 3031 in
650 2993 704 3046 que
719 2981 826 3032 nomina
838 2978 941 3042 integri
952 2980 1049 3042 scripta
1058 2987 1085 3031 et
1097 2980 1134 3033 ad

126 3070 263 3108 numerum
273 3060 322 3110 iiiiii
332 3061 495 3112 excurrentia
510 3062 717 3125 conspiciuntur.
736 3059 825 3122 Quoad
842 3057 1030 3110 correctionem
1044 3073 1131 3115 nume·

49 3144 52 3149 ’
125 3149 217 3189 rorum
229 3149 262 3189 ex
272 3139 321 3190 eto
331 3141 483 3193 auctoribus
502 3143 599 3194 miiiies
620 3143 777 3202 citatorum,
797 3139 888 3191 muitis
902 3150 954 3189 non
970 3140 1075 3202 penitus
1091 3154 1130 3192 sa·

123 3216 254 3272 tisieeisse
272 3219 428 3283 videbimur,
444 3224 504 3273 edm
521 3235 573 3273 non
593 3221 700 3273 eosdem
720 3221 804 3271 libros
823 3233 854 3271 ae
872 3219 988 3282 eiusdem
1005 3221 1131 3274 editionis

122 3310 190 3362 quos
207 3298 302 3363 ipses.
319 3300 395 3364 Aipb.
415 3303 448 3353 ed
463 3315 556 3353 manus
578 3302 685 3362 babuit,
700 3301 797 3353 babere
818 3299 959 3365 potuimus.
980 3302 1131 3354 curavimus

122 3386 225 3440 tamen,
237 3389 267 3432 ut
278 3384 337 3432 curn
359 3383 386 3432 in
398 3383 458 3433 aiiis
470 3390 525 3434 tum
544 3383 687 3447 presertim
703 3383 730 3432 in
748 3382 860 3434 citandis
872 3383 1024 3435 doctoribus
1035 3381 1130 3432 saima-

21 3462 27 3467 “
121 3461 279 3521 deensibus,
297 3463 440 3526 i'onrnely,
460 3464 560 3524 Coiiet,
579 3458 720 3514 benedicto
738 3462 791 3513 xiv
810 3471 837 3514 et
856 3465 882 3516 S.
895 3465 1009 3524 ibonna,
1029 3475 1129 3514 necnon

121 3540 186 3594 ioeis
196 3541 222 3594 S.
233 3541 464 3607 Scripturae,juris
474 3545 591 3600 canonici
608 3551 636 3596 et
655 3543 827 3596 conciliorum
847 3544 935 3596 omnia
954 3554 1032 3605 quam
1049 3554 1128 3593 neen-
