2617 4192
478 274 805 347 Parriii.dpcinpaiicc.
1048 289 1141 333 matu

140 383 170 428 ut
185 367 309 426 uberiore
331 370 398 436 atrio
413 377 506 419 comm
520 378 626 420 cruram
643 374 784 418 meremur.
799 365 855 427 Qua
869 365 897 416 in
915 376 944 416 re
959 366 976 417 t
992 366 1140 428 mirate

140 450 204 506 iiia,
226 445 370 509 odioseque
391 440 573 495 ulmtoattcea
596 440 680 491 ordiri
701 439 803 503 placet,
829 449 887 502 quar
907 437 1041 490 cnsuiatrs
1060 438 1140 489 velud

139 522 249 573 Petrum
267 521 460 577 contemptores
482 512 608 564 traducit.
628 512 693 563 llam
714 510 759 574 qui
781 511 956 563 &spinterum
977 510 1061 561 libres
1081 518 1142 572 pcst

140 592 299 644 virulentam
311 581 533 638 Prouincialium
550 581 720 636 bitterensis
736 584 889 644 rcmptcrenr
904 580 1039 642 mordere,
1055 592 1086 633 ac
1098 580 1141 631 di·

140 666 257 716 lacerare
270 660 386 724 aggressi
404 664 480 717 suot,
495 656 524 707 td
540 669 600 709 eum
619 656 712 718 primis
729 656 756 705 iu
775 655 828 706 iilis
845 653 1049 718 reprehendere,
1069 650 1142 717 qued

139 734 256 789 ennead
273 735 393 784 incautos
411 728 581 793 decipiendus
596 729 708 780 maxim
727 728 784 779 iteri
803 728 933 790 cpmunit,
949 724 1064 783 sudium
1078 737 1141 779 atu·

140 820 243 865 ntorum
254 808 360 860 latrum
371 805 531 868 amicerum,
543 810 622 867 atque
636 802 703 855 adeo
714 802 899 864 improbatum.

172 898 255 961 Qunam
272 891 378 958 quidem
397 891 552 942 calumniam
568 889 692 954 deperiere
710 888 828 952 plurimi,
848 894 928 950 arque
945 887 1015 937 inter
1029 884 1097 937 elica
1112 885 1141 936 lu

142 970 250 1027 aurcis,
272 963 528 1027 elegantissimisque
545 961 684 1019 meandri,
705 968 733 1010 et
753 960 863 1011 Eudorii
886 958 1001 1022 maioris
1018 957 1141 1011 adversus

140 1040 308 1105 impudentes
317 1036 450 1088 Pascbaiis
466 1034 641 1085 provinciales
658 1033 789 1096 tipistctas
803 1044 885 1094 nuper
902 1030 1030 1082 iudicatas
1047 1030 1077 1080 Ρ.
1088 1029 1140 1080 dtr·

139 1114 209 1167 briei
229 1108 329 1171 liauiei.
347 1109 380 1160 lt
399 1120 480 1171 quum
500 1106 579 1156 bodie
595 1105 687 1155 mdem
704 1105 785 1154 narnia
805 1106 956 1164 recinatur,
969 1101 1074 1165 aliquid
1092 1102 1140 1151 itas

142 1196 222 1248 super
238 1195 281 1244 re,
303 1181 336 1233 ad
355 1178 544 1231 retundendam
558 1179 673 1240 ineptam
692 1177 914 1238 criminationem,
926 1175 1074 1228 addendum
1091 1172 1141 1224 bec

140 1258 255 1315 manime
266 1255 340 1314 ioco,
351 1265 404 1317 qno
416 1252 450 1302 dc
461 1250 585 1302 Patribus
602 1250 713 1311 agimus.

174 1346 211 1395 ilc
231 1340 344 1406 primum
365 1340 424 1402 ajo,
447 1338 581 1389 casuistas
600 1334 667 1386 duas
687 1334 766 1385 ueluti
787 1334 813 1386 iu
834 1335 932 1393 classes
948 1332 1140 1398 dispertiendos

141 1430 218 1475 esse,
238 1425 347 1477 quarum
365 1412 443 1463 altera
466 1409 602 1473 grandium
618 1406 777 1457 uoluminum
802 1408 942 1472 scriptores
961 1405 1141 1470 complectitur

142 1488 265 1546 sirarios,
275 1482 420 1549 Vasquios,
438 1484 597 1546 baymanos,
613 1480 770 1540 Benacioas,
786 1479 894 1540 liiauas,
906 1479 1032 1543 Spcrcrcs
1044 1493 1051 1529 a
1063 1477 1142 1527 Sum·

141 1561 233 1612 mistas
250 1556 346 1618 altera,
363 1562 389 1606 et
406 1553 620 1618 compendiorum
638 1553 779 1612 authores,
797 1564 863 1615 quos
878 1550 1140 1615 interbcsembaum.

140 1631 295 1683 simmistas
309 1640 388 1692 porro
403 1628 489 1677 libens
500 1624 601 1686 iatecr,
613 1622 719 1675 Petrum
736 1625 895 1675 testimoniis
910 1637 969 1675 raro
984 1622 1140 1681 admodum,

140 1720 172 1758 ac
189 1705 301 1755 iortasse
319 1714 450 1764 nunqnam
466 1701 516 1751 uti.
532 1700 606 1763 Quod
622 1706 709 1749 tamen
729 1700 775 1763 qui
795 1699 897 1748 i‘atrnm
913 1698 1073 1759 contemptui
1090 1695 1141 1745 tri-

137 1777 241 1836 buerit,
261 1787 302 1826 nas
318 1774 364 1824 iiic
384 1774 554 1823 stultissimus
571 1771 723 1821 criminator
738 1771 873 1821 habendus
890 1771 950 1821 erit.
966 1770 1030 1820 liam
1049 1768 1140 1829 longas

138 1863 175 1901 ne
190 1850 297 1901 Parrum
312 1845 448 1895 citationes
465 1846 499 1896 ab
519 1845 553 1894 iis
570 1850 705 1907 expectes,
718 1855 827 1906 quornm
845 1854 925 1893 unum
940 1840 1007 1891 iliud
1024 1839 1140 1890 studium

137 1918 267 1974 brevitati
289 1917 443 1969 consuleret
463 1917 517 1969 lloc
534 1916 650 1981 proiecto
671 1916 741 1967 idem
764 1923 847 1976 esset,
866 1915 936 1979 quod
959 1915 986 1965 in
1001 1913 1140 1965 Tursciiini

138 1991 275 2049 ilistorica
284 1987 416 2051 Epitcme,
427 1997 472 2039 aut
482 1991 594 2041 Clutorii
607 1989 800 2041 introductione
813 1989 844 2039 ad
857 1988 1043 2053 Gecmapiriam
1052 2024 1059 2048 ,
1068 1993 1141 2037 rete·

142 2077 203 2117 rum
220 2061 412 2126 recentiumque
429 2062 627 2122 iiistcricorum,
646 2070 691 2113 aut
709 2062 919 2127 Gecgrapirorum
936 2060 1078 2117 sententias
1096 2071 1140 2110 re·

141 2137 258 2200 quirerc.
272 2134 397 2186 Praeterea
414 2146 473 2185 cum
490 2135 639 2186 Summistis
653 2135 806 2200 plerumque
821 2147 877 2187 mos
895 2134 944 2193 sit,
962 2132 996 2184 ad
1010 2146 1073 2196 eos,
1093 2130 1140 2197 qut

139 2207 311 2270 'iireciogicas
326 2218 368 2256 res
382 2205 474 2257 iusicri
487 2208 590 2273 calamo
603 2209 756 2270 persequuti
771 2214 845 2267 sunt,
864 2208 985 2257 Lectores
1000 2218 1062 2257 suos
1077 2207 1140 2256 mit-

136 2293 210 2345 tere,
222 2290 300 2348 atque
312 2280 353 2341 iri,
363 2288 393 2332 ut
404 2295 473 2332 nunc
483 2281 721 2333 demonstrabimus
732 2317 739 2342 ,
751 2282 856 2332 Parrum
868 2281 1014 2346 auctoritati
1024 2283 1141 2337 nitantur

139 2355 265 2416 maxime,
283 2353 392 2417 perinde
408 2353 441 2405 de
459 2354 514 2405 iilis
531 2352 713 2415 sentiendum,
729 2355 798 2405 acsi
819 2355 922 2405 Parrum
938 2354 1016 2407 rerba
1034 2354 1141 2418 ipsimet

139 2426 287 2480 redderent.

171 2512 246 2575 Quod
265 2519 352 2565 autem
368 2510 402 2562 ad
421 2509 521 2575 primos
538 2510 600 2564 iilos
617 2511 750 2564 Cascistas
767 2517 883 2575 spectat,
894 2514 940 2576 qui
957 2513 1077 2577 pluribus
1092 2529 1140 2567 no·

139 2584 284 2636 luminibus
303 2582 473 2646 'theologiam
494 2583 617 2636 Moralem
639 2585 770 2648 complexi
795 2591 873 2644 sunt,
896 2597 994 2649 eosque
1020 2587 1065 2648 qui
1087 2588 1141 2639 iilis

138 2669 286 2718 accessere,
310 2655 382 2719 ipsos
405 2656 492 2716 inter,
514 2662 542 2707 et
557 2654 713 2711 Summistas
733 2655 812 2707 veluti
837 2655 934 2716 medii,
955 2655 1037 2707 oculis
1054 2668 1141 2710 careat

138 2736 256 2792 oportet,
266 2727 313 2792 qui
324 2728 414 2779 Patres
426 2727 460 2777 ab
472 2727 526 2778 iilis
540 2729 672 2792 neglectos
686 2736 818 2792 queratur.
829 2728 857 2777 ln
871 2726 913 2777 his
930 2729 999 2778 enim
1017 2728 1141 2792 irequen·

139 2802 193 2850 iius
209 2799 275 2851 nihil
285 2835 292 2861 ,
304 2811 382 2862 quam
400 2807 445 2850 aut
457 2800 561 2853 Patrurn
580 2801 729 2851 testimonia
746 2799 910 2859 describere,
925 2806 971 2851 aut
982 2800 1053 2851 locos
1070 2802 1140 2854 imii-

138 2870 279 2932 care,ubi
295 2869 329 2921 de
342 2871 409 2932 irae,
426 2872 504 2922 illave
522 2885 551 2923 re
570 2873 711 2936 loquantur
726 2873 825 2922 Patres.
838 2871 870 2920 Et
881 2884 958 2933 vero,
975 2873 998 2923 ai
1017 2872 1141 2941 Suarius,

138 2946 163 2995 ni
174 2942 319 3007 Vasquius,
336 2942 503 3003 siValentia,
520 2943 655 3004 Becanus,
671 2945 807 3003 Gobatus,
825 2944 991 3006 Fagundius,
1012 2945 1149 3008 Sanchez,

137 3014 252 3078 siugulis
274 3014 358 3075 lucis,
378 3015 424 3066 ubi
449 3016 537 3067 Patres
555 3017 731 3068 consulendos
751 3025 874 3076 nronent,
894 3028 1037 3080 eorumque
1058 3018 1142 3075 libros

140 3086 282 3149 adnotant,
297 3085 391 3138 uorum
410 3087 559 3141 testimonla
570 3089 698 3141 verbatim
713 3088 889 3149 addidissent,
901 3088 1017 3140 iuturum
1033 3101 1141 3159 censeo,

139 3164 169 3210 ut
184 3159 263 3224 longe
277 3158 431 3222 explicatior
447 3161 475 3211 in
491 3161 601 3213 istorum
613 3160 789 3213 uoluminibus
801 3161 905 3211 Parrum
923 3161 1063 3213 auctoritas
1078 3175 1140 3226 prc-

133 3229 225 3291 diret,
239 3242 319 3295 quam
332 3230 359 3281 in
377 3232 478 3284 Natalis
490 3233 646 3294 alexandri,
660 3233 778 3294 Genetri,
796 3233 930 3295 Pontasii,
946 3232 1096 3296 Besombii,
1114 3240 1142 3287 et

138 3311 286 3355 ceterorum
302 3304 388 3356 libris.
408 3304 473 3357 iliud
494 3307 573 3358 etiam
590 3305 711 3358 icrtassis
726 3312 826 3369 pateret
843 3305 933 3371 quanti
948 3305 1040 3357 borum
1056 3306 1140 3358 inter·

136 3375 220 3431 inerit
230 3377 363 3429 casuisias
374 3378 490 3430 ludibrio
505 3391 650 3445 exponere,
670 3392 703 3429 ne
719 3379 819 3430 scilicet
830 3387 919 3443 turpes
930 3379 1071 3444 plagiarios
1082 3392 1141 3434 sese

138 3449 255 3503 oninium
276 3449 413 3502 obtutibus
433 3450 580 3514 proderent.
601 3453 729 3504 Nimirum
750 3452 926 3504 Casuistarum
949 3453 1044 3505 serinia
1067 3465 1139 3503 com-

137 3520 235 3587 pilasse
245 3526 354 3589 magnos
363 3523 430 3575 istos
439 3524 584 3589 Theologiae
596 3524 612 3575 e
625 3524 747 3576 Patribus
761 3524 843 3579 ductae
854 3526 1049 3590 predicatores,
1061 3533 1139 3591 atque

138 3594 293 3656 magistros,
305 3601 358 3646 tam
369 3603 469 3649 certum
486 3605 539 3656 cst,
556 3610 633 3661 qnam
646 3596 716 3660 quod
735 3594 857 3649 maxime.

150 3731 151 3734 ,
169 3683 205 3734 tlt
219 3692 273 3736 nou
287 3682 351 3736 rotis
365 3684 472 3738 latrum
489 3686 646 3743 testimoniis
659 3686 784 3745 castrisue
793 3687 985 3749 conucrersias
996 3700 1058 3741 suas
1069 3687 1135 3741 deii·

975 3771 1011 3812 m.
