2617 4192
184 236 214 294 iv

187 415 199 442 ι
218 395 294 447 lusus
308 392 434 445 traduxit.
443 392 558 455 corpus,
570 396 600 442 ut
613 390 641 442 in
650 389 760 455 spiritus
771 391 921 443 servitutem
931 391 964 444 ad
976 392 1189 463 Apostoliexem·

186 494 197 523 r
217 476 289 540 plum
306 475 455 537 redigeret,
468 473 639 524 domesticum
661 482 792 536 tamquam
809 471 913 524 hostem
937 473 1044 527 assidue
1059 475 1187 538 coercuit,

187 576 198 606 r
216 565 295 623 atque
309 556 380 608 omni
393 562 583 606 tormentcrum
600 567 695 619 genere
708 554 874 606 excruciavit.
887 554 999 607 Tantum
1015 556 1084 618 cibi,
1095 570 1126 609 ac
1138 570 1187 622 po·

185 657 197 684 ι
217 638 298 690 nonis
313 637 400 688 eidem
417 635 579 700 impertivit,
591 644 717 701 qnantum
734 635 768 687 ad
785 634 939 687 reficiendas
958 637 1045 700 vires,
1056 637 1187 701 ritumque

190 737 200 766 ι
222 718 426 770 sustendandam
437 718 560 770 caderis
577 731 635 769 esse
645 718 789 778 uideretur,
806 716 860 767 inno
874 717 1033 779 vilissimas,
1055 731 1120 782 quas
1139 719 1187 770 ad·

188 817 197 843 ι
218 799 321 860 hibuit,
339 812 430 860 escas,
448 806 479 849 ut
498 799 758 860 omnem'roluptatis
769 794 874 848 sensum
891 800 1000 861 prorsds
1016 799 1187 862 extingueret,

188 898 198 925 r
218 881 389 932 amarissimis
400 892 539 943 aspernere
554 878 640 929 suecis
660 879 804 929 consuerint
817 879 943 931 Praeterea
963 881 1115 943 asperrimis
1133 882 1187 933 cili·

187 979 197 1006 r
216 962 266 1012 ciis
286 974 320 1013 ex
337 973 463 1026 equorum
476 960 539 1010 setis
550 959 681 1009 contextis
692 959 761 1009 latus
770 959 943 1022 sahsinperc,
955 969 982 1010 et
996 960 1095 1012 ferreas
1109 974 1189 1011 menr-

186 1058 196 1088 ι
216 1043 273 1094 bris
292 1044 426 1095 catenulas
444 1041 582 1091 admonere
601 1052 742 1104 numquam
755 1038 876 1100 destitit;
887 1041 1014 1092 aculeatis
1030 1041 1188 1105 rerbuagris

184 1142 198 1167 ι
218 1125 253 1174 ita
275 1125 303 1173 in
334 1136 397 1173 snos
418 1129 490 1172 artus
512 1126 602 1174 sarrire
627 1122 723 1173 solitus
752 1121 818 1180 init,
839 1129 868 1169 nt
890 1121 988 1171 adarim
1008 1135 1041 1174 ex
1063 1124 1188 1175 dilaniati

187 1220 197 1247 ι
216 1213 296 1252 eume
307 1202 408 1252 micans
425 1202 533 1265 sangnis
549 1203 635 1252 solum
652 1201 818 1265 parietesque
836 1200 1016 1264 perfunderet,
1032 1214 1098 1265 quas
1109 1215 1187 1266 porro

187 1299 197 1328 ι
216 1290 337 1333 cruentas
357 1282 488 1345 maculas,
500 1295 534 1335 ne
553 1283 632 1335 dilate
650 1282 703 1334 sibi
726 1282 805 1335 cedis
824 1281 952 1334 indicium
970 1282 1188 1347 extaret‚delere

186 1382 196 1409 ι
215 1365 357 1428 satagebat.

197 1472 201 1479 '
218 1493 229 1522 ι
248 1474 315 1528 lllnd
328 1476 388 1528 verb
403 1476 509 1529 omnino
530 1476 693 1538 mirandum,
707 1474 852 1541 quodlicet
870 1475 896 1526 in
910 1476 1045 1540 apostolici
1057 1476 1188 1531 iunctione

185 1576 198 1603 ι
217 1559 333 1609 muneris
350 1558 484 1623 perpetuis
499 1560 716 1623 occupationibus
735 1559 918 1619 distineretur,
938 1565 1017 1622 atque
1031 1558 1097 1611 adeo
1116 1563 1187 1612 omni

187 1658 196 1683 ι
217 1640 376 1690 cruciatuum
390 1640 531 1703 asperitate
542 1652 590 1690 sna
603 1641 720 1691 membra
733 1646 867 1702 torqueret
877 1675 885 1699 ,
894 1647 925 1689 ac
941 1637 1104 1702 debilitaret,
1116 1648 1187 1692 tenta

187 1738 196 1765 ι
216 1720 387 1773 nibilominus
397 1722 493 1773 mentis
504 1721 637 1774 alacritate
646 1724 673 1772 in
683 1735 773 1772 rerum
781 1733 918 1772 sacrarum
929 1720 1026 1771 studiis
1035 1723 1147 1783 versari,
1158 1736 1188 1775 ac

186 1820 196 1845 ι
216 1808 317 1853 tantum
336 1802 469 1854 insumere
482 1810 587 1868 tempus
605 1805 736 1868 potuerit,
756 1811 787 1853 ut
806 1803 892 1854 ductis
913 1813 988 1865 reque
1005 1814 1035 1853 ac
1049 1802 1192 1854 laboriosis

185 1900 196 1927 r
215 1885 341 1947 operibus
362 1885 390 1936 in
406 1887 490 1938 lucem
508 1886 589 1938 editis
606 1899 662 1938 rem
683 1885 850 1953 christianam
873 1883 981 1935 miridcb
989 1884 1095 1947 iuverit.
1113 1883 1189 1935 Enim

187 1981 196 2009 r
216 1964 279 2017 verb
290 1972 320 2017 ut
337 1979 367 2017 se
384 1968 571 2031 suasquenltae
590 1969 707 2019 rationes
725 1979 817 2017 omnes
834 1965 924 2017 (lirino
940 1965 1022 2017 cultui
1033 1965 1188 2027 devoveret,

187 2063 198 2090 r
216 2047 330 2097 marimo
346 2047 471 2107 arduum,
487 2061 517 2098 ao
533 2049 594 2098 nori
612 2050 679 2110 pene
693 2049 797 2111 generis
816 2054 903 2096 vntum
922 2046 1023 2104 emisit,
1034 2053 1064 2095 ut
1082 2057 1117 2096 ne
1134 2054 1190 2097 tan·

186 2143 197 2170 r
216 2127 302 2176 tilium
322 2126 428 2187 quidem
445 2128 571 2189 temporis
582 2128 679 2186 otiose,
704 2128 793 2176 rernm
804 2132 929 2186 perpetua
939 2125 966 2172 in
978 2124 1081 2174 actione
1097 2126 1190 2176 trudu-

186 2212 295 2256 »ιιι-ει.
319 2206 449 2258 Plurimos
470 2206 532 2257 send
555 2206 711 2270 conscripsit
728 2206 825 2265 libros,
843 2206 898 2255 sire
917 2203 950 2253 ad
971 2215 1074 2253 morum
1088 2203 1189 2275 doctri·
1271 2222 1274 2227 ·

186 2304 197 2333 ι
216 2299 275 2337 nam
294 2287 432 2349 tuendam,
443 2286 498 2338 sire
510 2287 544 2338 ad
555 2289 660 2351 plenam
675 2288 741 2338 sacri
753 2286 854 2336 ordinis
871 2282 1075 2346 iustitutionem,
1088 2284 1143 2335 sire
1154 2288 1188 2338 ad

185 2383 196 2412 ι
216 2366 418 2418 confirmandam
440 2368 572 2418 catholice
591 2369 735 2432 religionis·
749 2367 901 2427 ueritatem,
921 2366 977 2417 sire
995 2365 1029 2416 ad
1048 2367 1188 2420 asserenda

179 2464 195 2517 ,ι
216 2446 294 2510 huius
303 2447 329 2498 S.
339 2447 417 2498 Sedis
428 2450 584 2512 apostolieae
594 2449 654 2512 jura
664 2486 672 2511 ,
682 2451 737 2500 sire
750 2449 783 2499 ad
795 2449 902 2513 pietatis
914 2459 1019 2499 sensum
1032 2447 1059 2497 in
1070 2448 1190 2500 christia·

184 2545 195 2574 ι
214 2540 307 2579 norum
326 2529 420 2578 animis
438 2529 612 2581 excitandum.
635 2530 665 2581 ln
685 2531 720 2580 iis
738 2544 818 2594 porro
836 2530 986 2580 inusitatam
1001 2528 1054 2578 rim
1065 2530 1189 2592 ,copiam

184 2628 195 2655 r
214 2610 420 2673 varietatemque
432 2610 556 2662 doctrinae
567 2648 574 2673 ,
587 2612 730 2675 singularia
743 2612 926 2662 ecclesiastice
942 2609 1126 2661 sollicitudinis
1137 2610 1188 2660 do-

184 2708 194 2737 r
213 2697 333 2742 eumenia
344 2727 352 2752 ,
365 2691 523 2755 exqrrisitum
542 2693 678 2756 religionis
691 2693 808 2743 studium
827 2691 950 2742 demirari
967 2691 1038 2739 licet.
1048 2689 1115 2738 illud
1126 2690 1188 2741 rerd

183 2793 192 2821 r
213 2775 342 2836 imprimis
362 2780 453 2825 notatu
470 2774 577 2839 dignum
598 2784 652 2838 est,
671 2776 741 2840 qubd
761 2775 824 2825 licet
840 2771 1020 2837 copiosissime
1035 2772 1186 2833 scripserit,

183 2873 193 2901 r
214 2855 331 2918 ejusdem
351 2863 437 2906 tamen
457 2870 536 2920 opera
555 2857 683 2908 inoffenso
701 2859 808 2920 prorsus
827 2857 894 2918 pede
906 2852 1022 2916 percurri
1038 2851 1189 2904 abdelibus

183 2955 193 2985 n
214 2950 304 3002 posse,
319 2944 380 3001 post
396 2938 509 3001 diligens
522 2939 672 2990 institutum
684 2950 792 2989 examen
801 2942 967 3000 perspectum
979 2932 1067 2983 luerit.

215 3081 225 3111 r
246 3064 298 3114 liar
316 3071 388 3116 tanta
407 3058 693 3130 sanctimonie‚'atque
712 3063 869 3115 eruditionis
890 3062 969 3114 laude
990 3063 1049 3115 chm
1066 3063 1189 3126 floreret,

183 3145 362 3207 udlplronsus
392 3146 534 3198 Clementis
567 3148 624 3199 lllli
659 3146 812 3198 auctoritate
834 3145 867 3196 ad
895 3144 1074 3210 Episcopalem
1098 3147 1189 3197 sedem

184 3243 195 3269 ι
217 3223 244 3273 S.
265 3225 371 3286 Agathan
391 3226 535 3280 Gothorum
556 3239 661 3280 evectus
676 3238 725 3282 est.
743 3227 928 3280 Reiurmidarit
948 3228 988 3277 rir
1009 3226 1188 3277 sanctissimus

185 3322 194 3350 r
216 3304 332 3366 impositi
352 3308 441 3358 oneris
459 3311 626 3372 grauitatem,
645 3310 716 3373 quod
729 3316 757 3360 ut
778 3311 792 3360 h
810 3323 840 3360 se
859 3310 1050 3371 deprecaretur,
1071 3304 1188 3357 rationes

185 3403 194 3431 r
216 3395 306 3435 omnes
328 3382 468 3448 adhibuit;
491 3391 579 3439 rerirur
598 3390 703 3440 odmen
719 3389 851 3439 pontilicis
873 3395 960 3439 mente
979 3387 1063 3447 ipsam
1079 3382 1186 3436 beirn-

186 3482 195 3510 ι
216 3466 341 3516 inritatum
359 3469 554 3530 perspexisset,
570 3468 786 3531 acquiescendum
801 3469 869 3529 sibi,
883 3481 913 3518 ac
931 3478 1025 3517 munus
1044 3465 1129 3530 illud,
1142 3469 1187 3520 cui

184 3560 193 3588 r
212 3542 321 3594 serendo
335 3544 460 3608 imparem
478 3560 508 3598 se
528 3561 581 3610 prae
592 3548 740 3600 humilitate
757 3547 979 3609 sentiret,divino
991 3548 1114 3612 presidio
1126 3563 1187 3604 con·
1215 3573 1217 3579 ·

185 3641 194 3669 r
215 3620 316 3687 tideus,
328 3623 406 3677 alacri
418 3633 556 3691 erectoque
574 3630 661 3682 animo
673 3630 867 3695 suscipiendum
876 3628 1013 3692 iudicarit.
