2617 4192
176 258 233 318 tot
449 246 557 313 libi.
573 246 901 329 reassoeteptm.

217 358 281 419 «ξ,
304 352 468 434 peregrinis
489 370 552 414 non
577 351 646 431 lieet
665 351 813 413 tramenta
837 347 962 411 evehere
983 346 1031 414 ret
1053 349 1185 425 ammae

174 466 188 497 ιι
211 459 298 522 sopra
312 440 441 519 pretinm
451 438 493 498 ibi
506 445 649 498 statutum
663 482 671 510 ‚
688 446 778 497 noeto
798 434 990 507 ermetem,
1003 443 1061 499 ate.
1075 436 1100 498 si
1113 436 1185 498 tatia

174 550 188 589 ιι
212 526 254 591 ibi
268 523 414 607 prohibita
429 531 508 587 sunt.
518 524 663 585 Panorm.
677 522 780 603 Rapio.
793 516 900 583 Sorech.
914 539 947 579 rr.
963 521 1012 582 56.
1050 594 1052 599 Ι

217 618 309 681 «Dixi
328 619 359 680 2.
373 614 524 701 preceptis
537 613 730 697 mortalibus,-
748 616 816 693 quia
837 615 861 674 si
880 602 960 674 domi
980 622 1040 677 tuse
1059 632 1184 693 eonsue-

174 732 188 760 ιι
213 704 317 766 tudina
336 704 507 781 derogatum
526 703 565 761 sit
583 702 668 761 alicui
692 708 836 779 praecepto
856 697 932 775 juris
949 702 1137 774 eommunis,
1156 712 1185 771 et

173 812 189 849 ιι
212 787 271 867 alit
297 789 416 859 venias,
437 787 489 847 ubi
515 787 588 846 illud
605 786 815 865 riget‚eodem
828 783 1012 863 obligaberis.
1024 788 1108 849 Ratio
1118 790 1184 860 est,

174 899 189 928 ιι
213 874 280 952 qnia
295 872 341 932 lex
356 871 432 949 juris
445 871 608 930 eommunis
631 879 674 930 est
693 868 883 940 universalis,
901 876 930 927 et
948 868 1064 949 obligat.
1080 881 1186 935 omnes

174 984 189 1015 ιι
212 961 276 1020 sine
289 957 437 1019 ordinead
449 956 558 1017 locum.
573 957 775 1035 Lepore-12.
789 973 821 1013 n.
836 954 866 1012 5.

467 1130 548 1194 Unde
557 1128 712 1195 resolvitur
723 1129 769 1193 tn‘e
781 1147 865 1192 cosan
878 1154 889 1191 .·

217 1339 231 1369 ι
249 1313 335 1391 Belga
348 1310 453 1388 aliquis
471 1310 591 1369 veniens
606 1309 777 1380 Coloniam,
794 1326 825 1369 v.
839 1323 885 1387 gr.
896 1313 1014 1368 tenetur
1035 1307 1099 1367 istie
1118 1310 1184 1370 sab·

174 1425 188 1452 ιι
212 1399 286 1457 batis
299 1399 376 1457 inter
388 1396 576 1456 Nativitatem
593 1393 700 1454 Christi
716 1439 724 1466 ‚
739 1403 768 1453 et
779 1393 1016 1454 Parifieationem
1036 1394 1183 1457 abstinere

174 1509 188 1537 ιι
209 1481 226 1541 i
250 1481 403 1552 carnibus,
418 1480 487 1556 quia
503 1479 690 1557 privilegium
715 1478 777 1556 ejus
796 1477 968 1538 comedendi
992 1487 1063 1538 tuno
1081 1498 1182 1541 earnes

175 1593 188 1621 ιι
212 1583 272 1625 non
283 1573 326 1623 est
356 1563 486 1624 ersonale
497 1606 504 1635 ,
517 1563 568 1622 sed
579 1563 685 1621 locale:
700 1562 825 1641 ideoque
837 1562 964 1641 exspirat
972 1572 1054 1624 extra
1068 1566 1180 1627 locum.

174 1675 188 1705 ιι
211 1650 317 1730 Loym.
331 1583 384 1708 bo.
398 1645 447 1707 cit.
463 1671 477 1700 ι
1043 1658 1048 1665 “

567 1822 717 1891 nonunt
731 1827 783 1892 tv.

174 2021 233 2098 An
249 2020 430 2124 peregrini
443 2027 634 2096 teneantur
649 2020 835 2121 praeceptis
847 2021 940 2123 juris
957 2008 1178 2115 eommunis,

209 2222 213 2229 A
270 2129 301 2202 si
318 2152 392 2202 non
405 2127 478 2202 sint
494 2128 533 2201 in
546 2152 615 2201 usu
629 2126 666 2199 in
681 2127 779 2219 iooo,
795 2126 860 2200 ubi
874 2132 1085 2201 morantur?

212 2361 280 2422 tot.
293 2393 333 2405 -
350 2383 365 2414 ιι
384 2303 497 2424 Raso.
512 2365 578 2422 Non
598 2363 703 2423 teneri.
716 2364 811 2424 Ratio.
824 2373 887 2435 est,
910 2364 980 2442 quia
1008 2372 1080 2424 tune
1092 2356 1096 2360 ’
1106 2330 1180 2425 valet

173 2473 187 2501 ιι
212 2445 400 2526 privilegium
423 2447 532 2515 toeate,
553 2464 613 2524 qno
630 2447 689 2506 frui
709 2459 832 2524 possunt
847 2468 967 2521 omnes,
992 2449 1042 2526 qui
1064 2449 1096 2509 in
1118 2451 1179 2511 loeo

174 2555 188 2584 ιι
212 2539 377 2592 morantur.
388 2533 430 2592 lta
442 2529 570 2591 Sonehez
583 2527 604 2589 t.
620 2532 650 2591 2.
663 2532 742 2591 Mor.
758 2551 783 2591 e.
799 2535 846 2595 to.
860 2534 949 2593 strar.
964 2533 1071 2614 Loym.
1081 2541 1135 2594 ete.

399 2704 479 2768 onae
487 2704 674 2768 resolvantur
684 2715 831 2786 sequenter
842 2726 947 2771 casus.-

215 2900 231 2938 ιι
250 2882 280 2943 1.
295 2880 325 2942 Si
338 2882 499 2942 Germanus
523 2899 577 2959 per
595 2882 763 2960 Hispaniam
782 2891 925 2955 transeat,
947 2892 1043 2961 potest
1056 2883 1181 2946 sabbatis
1269 2908 1270 2911 ¹

171 2993 187 3022 ιι
211 2969 286 3028 vesei
309 2968 453 3027 intestinis
466 2967 648 3027 animalium.
664 2966 745 3026 idam
772 2968 796 3026 si
819 2986 871 3044 per
893 2970 1044 3047 Belgium,
1059 2973 1182 3030 aetite*-

173 3078 187 3106 ιι
212 3052 362 3113 diotanum
381 3053 438 3112 iter
450 3051 573 3124 habeat,
590 3060 685 3129 potest
706 3051 784 3111 inter
803 3054 991 3112 Nativitatem
1008 3053 1116 3113 Christi
1130 3099 1138 3124 ‚
1152 3063 1181 3115 at

173 3165 187 3191 ιι
211 3137 467 3206 Parmenionem,
481 3137 512 3196 in
525 3137 624 3214 Belgio
637 3136 782 3207 sabbatis,
796 3138 950 3197 Mediolani
964 3136 1037 3198 verb
1056 3149 1181 3217 quatuor

172 3248 186 3275 ιι
211 3222 316 3300 primis
340 3221 442 3280 diebos
459 3221 693 3299 Quadragesimae
707 3222 843 3283 carnibus
863 3222 949 3283 vesei.
964 3220 1074 3282 Soracte.
1090 3224 1179 3283 Sator.
1268 3214 1269 3275 ἶ

172 3331 187 3360 ιι
211 3309 288 3367 Boo.
300 3325 333 3387 p.
348 3307 377 3365 6.
390 3326 423 3369 a.
437 3308 485 3367 61.
561 3340 562 3343 =
1268 3300 1269 3313 ¹

211 3424 224 3451 ιι
249 3400 279 3458 2.
294 3398 324 3457 Si
338 3400 402 3474 quis
416 3418 451 3458 ex
469 3400 585 3461 diaecesi
601 3399 741 3460 catholiea
754 3443 762 3471 ‚
775 3418 805 3458 v.
820 3419 850 3479 g.
861 3399 1013 3474 Hildesio,
1031 3400 1083 3462 ahi
1096 3398 1181 3460 vani

171 3506 187 3533 ιι
210 3481 414 3543 Calendariom
427 3483 522 3545 adhue
534 3486 621 3545 estin
637 3503 693 3545 usu
709 3485 828 3555 ‚veniat
845 3486 877 3549 in
888 3486 994 3557 aliam,
1005 3486 1057 3546 ubi
1069 3486 1181 3553 novum

170 3585 186 3612 ιι
210 3571 254 3620 est
265 3573 415 3638 receptum
427 3611 434 3636 ‚
448 3586 479 3625 v.
491 3586 521 3646 g.
536 3570 747 3629 Monasterium
759 3614 768 3642 ‚
780 3578 893 3648 potest,
912 3570 939 3630 si
958 3569 1002 3631 ibi
1014 3571 1183 3661 Quadnge-

172 3663 186 3690 ι
209 3641 283 3699 sima
305 3650 469 3721 praeteriit,
491 3653 627 3712 carnibus
652 3654 748 3727 rosei,
766 3662 799 3715 ut
815 3655 898 3717 docet
919 3653 1026 3716 Sancte
1048 3651 1105 3718 loce
1127 3648 1179 3715 αἳ.
