2617 4192
175 174 260 237 cxxxii
567 169 777 225 nurafattonu

209 276 221 311 t
240 259 373 320 ibiciitm,
394 265 423 313 et
439 258 580 313 intrinsece
599 261 695 313 maiam
713 274 773 314 esse
788 260 856 313 batto
877 259 1057 326 purgationem
1075 269 1183 315 constat

177 349 188 379 t
207 333 286 385 modo
302 332 373 398 apud
383 345 475 385 omues
485 332 623 394 munau.
634 347 746 398 eamme
760 341 790 387 ut
800 335 878 387 taient
889 334 1182 389 interdicuutcaoones

178 422 189 452 r
207 405 394 465 conciliorum,
411 411 439 456 et
455 404 621 459 definitiones
639 407 809 462 Pontificum.
824 407 894 458 tuter
910 420 978 470 quos
994 408 1131 468 Nicotaus,
1148 415 1182 460 ut

177 495 188 525 r
206 478 317 530 refertur
327 479 354 529 iu
367 478 474 529 berteto
485 490 548 543 cap.
559 478 757 532 diononacitio
767 480 793 532 2.
804 482 900 546 quart.
914 482 940 531 i.
952 480 1181 533 Monomacitiam

177 567 187 597 ι
205 548 237 603 in
253 548 339 617 leqrm
352 563 411 602 non
427 549 611 609 assumimur,
624 562 710 618 quant
722 555 890 619 praeoptant
899 551 986 618 [uuae
995 565 1055 605 non
1070 553 1182 620 reperi·

177 641 187 671 t
209 635 271 675 ntur
283 638 293 675 r
304 631 332 675 et
348 625 425 688 panio
442 632 501 688 post
514 639 521 674 :
536 627 604 676 cum
624 621 675 677 iter
695 628 721 677 et
738 623 896 692 iujutntodi
915 629 1068 685 arctantes,
1090 628 1180 678 tirum

173 694 344 749 winnerado
366 696 512 748 'iiiiiibiiii
533 695 684 750 uideanttu
703 701 755 750 etc.
776 699 809 749 iit
828 697 976 763 Stephanus
1000 700 1069 762 Papa
1090 699 1118 750 V.
1139 701 1178 749 ab

173 769 266 821 eodem
284 770 363 833 panio
379 777 440 821 aute
460 771 596 833 aiiegatue.
617 767 699 822 Ferri
719 768 864 823 candentia
882 768 925 823 oei
948 783 1029 837 aquo
1043 770 1179 837 [eruentis

173 839 381 894 examinatione
395 840 591 907 contentionem
607 842 769 909 extorqueri
779 842 798 895 ti
808 841 947 911 quotibet,
958 842 1034 895 tucri
1044 856 1101 895 non
1112 855 1181 894 cen·

173 918 234 966 tent
252 917 394 970 eunome:
413 918 439 965 et
454 913 529 980 quod
546 919 709 968 tunctorum
719 919 839 969 Patrunt
855 916 1019 971 documento
1035 915 1178 979 tanatum

173 997 232 1038 nott
243 989 301 1046 eti,
314 986 557 1039 sununsttTiosn
568 985 763 1043 adinventione
779 1002 837 1042 uon
855 996 895 1041 eu
911 987 1142 1056 praetimendam.

190 1101 219 1132 -ι
237 1082 304 1135 oiim
324 1090 410 1133 tamen
428 1081 549 1145 Episcopi
567 1081 644 1133 multi
665 1083 744 1135 licere
763 1084 793 1134 id
813 1096 896 1147 genus
916 1083 1079 1147 purgationis
1096 1090 1180 1148 puta·

175 1174 186 1204 r
204 1165 279 1218 runt,
291 1156 414 1221 quodqne
425 1156 571 1205 mirabilius
582 1165 635 1215 est,
645 1156 821 1208 adhibendum
834 1163 1006 1218 censuerunt,
1016 1164 1043 1208 et
1053 1158 1177 1209 adbiberi

175 1249 185 1277 ι
204 1233 354 1291 raineruut3
373 1243 431 1279 nam
444 1229 625 1280 triburienses
637 1231 727 1281 Patres
744 1244 787 1282 an.
801 1233 852 1284 895
869 1232 908 1282 sic
919 1236 1038 1282 statuuat
1049 1229 1118 1282 Con.
1130 1231 1174 1283 ²2.

174 1310 233 1354 »nt
253 1303 333 1353 reiert
353 1301 491 1351 Gratianus
510 1302 537 1350 in
558 1301 667 1353 becreto
686 1302 712 1353 2·
735 1309 826 1367 quaest.
843 1305 868 1355 5.
887 1299 995 1355 Nobilio
1013 1299 1112 1361 bono,
1130 1302 1178 1355 nei

171 1374 307 1440 ingenuus
318 1372 343 1425 ri
355 1371 387 1424 in
398 1370 510 1438 synodo
522 1377 693 1434 accuratur,
704 1377 731 1426 et
741 1374 900 1442 negaverit,
911 1374 937 1426 ti
946 1387 1009 1426 eum
1019 1374 1178 1427 comtiterit

170 1444 276 1515 fidelem
285 1458 357 1503 erte,
369 1457 431 1496 cum
444 1443 585 1498 duodecim
595 1445 725 1513 inqenuia
736 1460 764 1499 ac
775 1452 910 1515 expurget
921 1462 930 1498 ε
943 1446 969 1499 ai
979 1450 1065 1498 anteo
1074 1445 1177 1515 depre-

171 1520 271 1570 tuentur
294 1516 379 1584 suerit
401 1517 432 1569 in
453 1516 530 1583 sueto
547 1521 597 1570 aut
614 1517 759 1585 perjurio,
779 1524 830 1575 out
849 1519 924 1587 {atto
944 1518 1176 1578 testimonimum

165 1591 360 1658 juramentum
377 1601 435 1640 non
456 1588 645 1650 admittatur,
664 1590 712 1642 reti
733 1593 811 1658 (sicut
832 1594 879 1657 qni
901 1596 1030 1656 ingenuus
1048 1602 1100 1644 nott
1120 1596 1174 1660 est)

168 1662 286 1731 [cruenti
300 1675 392 1730 aqua,
403 1660 447 1714 uei
466 1661 597 1714 candenti
609 1662 685 1729 [erro
701 1676 730 1716 te
746 1671 889 1732 eapurqet.
907 1665 977 1716 Serti
998 1665 1068 1715 euim
1087 1668 1176 1728 potis-

174 1756 184 1783 »
202 1738 296 1788 simum
313 1736 346 1787 ad
361 1737 427 1786 banc
444 1737 625 1799 purgationem
639 1737 829 1799 adigebantur,
842 1739 902 1790 inde
915 1737 1173 1802 dietamtuigarem3

173 1828 183 1856 s
203 1816 248 1861 ant
262 1809 351 1875 potius
365 1816 396 1859 ttt
411 1808 617 1871 distingueretur
631 1811 645 1860 b
665 1812 818 1873 purgatione
834 1811 957 1862 canoniea
974 1821 1019 1873 per
1033 1808 1174 1871 iuramen-

173 1902 182 1930 t
204 1892 258 1934 tum
279 1895 366 1933 coram
387 1881 507 1944 pluribus
529 1894 608 1944 super
631 1891 744 1946 quatuor
770 1883 927 1946 Euangeiia,
953 1890 999 1934 aut
1017 1880 1173 1936 Sanctorum

172 1956 336 2020 »Reliquias
358 1955 511 2006 solemniter
529 1956 663 2004 emissum.
686 1957 721 2005 be
741 1967 792 2019 qua
816 1958 970 2020 purgatione
993 1957 1080 2019 agitur
1101 1958 1173 2021 apud

172 2047 183 2076 ι
202 2028 394 2088 Bratananium,
412 2024 459 2079 tii.
476 2027 501 2078 t.
515 2038 577 2093 cap.
589 2028 674 2079 tutet
687 2028 743 2079 iiii.
757 2029 865 2097 etapud
884 2029 988 2080 ivonem
1005 2027 1032 2079 iu
1046 2030 1171 2094 pluribus

172 2119 183 2147 t
201 2102 330 2166 epistolis.

202 2205 213 2236 ι
232 2189 258 2239 is
277 2194 363 2239 autem
383 2186 501 2250 quamtis
518 2183 605 2253 Epiri.
623 2187 665 2238 ri.
684 2188 815 2252 rnigarcm
833 2188 1013 2253 purgationem
1031 2190 1170 2255 reprobet,

171 2279 181 2307 s
202 2268 228 2312 et
243 2261 270 2310 iu
286 2261 355 2310 bttuc
371 2259 447 2309 finem
467 2258 557 2310 afferat
575 2262 649 2325 pinna
670 2262 822 2313 Pontificum
836 2262 957 2322 decreta,
976 2261 1121 2326 inquibus
1138 2272 1182 2316 ea·

171 2352 180 2379 ι
200 2346 247 2397 pro
262 2332 334 2384 nttiio
350 2344 412 2382 casn
429 2332 589 2392 admittitur,
600 2333 770 2398 reficiturque
782 2342 811 2384 ut
828 2334 960 2384 inventum
970 2334 1096 2397 popuiarc
1107 2347 1171 2398 prn-

170 2407 297 2457 »tectum
320 2417 353 2455 ex
380 2405 459 2465 odio,
480 2412 507 2455 et
530 2405 644 2467 inuidia,
668 2415 696 2458 et
717 2408 950 2471 superstitiosum,
975 2408 1061 2458 adbuc
1083 2414 1169 2460 tamen

170 2498 179 2525 t
199 2477 286 2547 Epist.
303 2477 359 2529 ibt.
375 2478 409 2527 ad
429 2477 591 2541 iiadnipbnm
610 2479 764 2532 iiemensem
780 2481 1028 2543 archiepiscopum,
1047 2483 1170 2543 usurpari

169 2570 179 2599 ι
199 2565 257 2604 eam
279 2550 418 2615 aliquando
439 2550 548 2610 debere,
568 2550 653 2604 docet.
676 2553 739 2604 Non
759 2565 892 2619 negamur
911 2555 1021 2609 tomen,
1041 2549 1110 2617 quin
1132 2552 1172 2605 uti

165 2624 261 2677 dicim
272 2620 424 2689 aliquando
436 2622 633 2675 recurrentium
649 2623 686 2675 ait
697 2624 866 2684 testimonia,
878 2621 991 2691 quando
1001 2622 1171 2690 precedente

165 2697 312 2752 ordinario
324 2695 515 2754 accusatione,
532 2697 645 2751 omnino
663 2697 762 2750 desunt
777 2697 903 2748 bumana
922 2693 1092 2753 testimonio,
1110 2708 1170 2748 non

164 2769 239 2836 quod
258 2768 304 2823 itu
325 2768 382 2821 itac
400 2766 552 2820 instituerit
572 2767 684 2827 diuino,
708 2768 755 2823 sed
774 2767 849 2837 quod
869 2767 964 2834 eaiqot
984 2765 1168 2820 incredulitas

165 2842 289 2894 itumono
300 2854 309 2891 .·
322 2841 430 2905 perinde
448 2853 478 2890 ac
493 2842 516 2890 si
536 2841 612 2892 iiceat
630 2848 730 2892 tentare
743 2841 822 2893 licum
837 2840 869 2891 ai
884 2838 1064 2891 revincendam
1079 2840 1169 2890 incre-

167 2932 177 2962 ι
197 2915 332 2967 dniitatem
345 2915 480 2964 inmanem
493 2949 501 2973 ,
515 2924 572 2976 qnae
587 2926 634 2965 nec
652 2915 716 2965 satis
728 2914 869 2966 revincitur
885 2912 928 2964 bis
939 2912 1063 2969 ostentis,
1075 2919 1168 2974 utpote

167 3006 178 3034 t
196 3002 253 3053 qtrae
265 3002 317 3039 non
330 2994 432 3049 semper
443 2987 556 3049 praebent
568 2994 668 3037 eertum
680 2995 877 3050 argumentum,
889 2992 918 3035 ut
928 2986 985 3047 ipse
995 2984 1065 3034 idem
1077 2993 1168 3036 monet

165 3074 176 3109 r
195 3060 283 3129 Epist.
297 3061 354 3112 iiii.
368 3072 446 3123 agens
463 3057 496 3107 de
512 3057 623 3122 quodam
640 3059 742 3117 milite,
757 3071 834 3123 quem
850 3063 1017 3114 accusatum,
1032 3062 1168 3107 coactum·

167 3148 246 3199 tque
271 3135 310 3186 oti
332 3133 381 3182 boc
401 3143 494 3195 genere
518 3131 699 3195 purgationis,
723 3131 819 3183 ferrum
842 3130 955 3183 candens
975 3128 1165 3180 ustularerat:

164 3205 322 3259 craterum
347 3202 443 3255 militia
467 3200 588 3268 (inquit)
616 3200 726 3256 nullum
752 3202 802 3256 tibi
823 3209 929 3255 certant
947 3200 1051 3269 prabet
1075 3214 1166 3268 arqu-

160 3285 300 3339 mentum,
321 3289 384 3329 eum
401 3289 452 3342 per
471 3270 706 3329 examinationem
725 3275 795 3341 terri
817 3274 963 3328 candentia
987 3271 1098 3326 occuito
1116 3271 1167 3326 tiri

154 3348 263 3413 judicio
282 3349 385 3401 muitnr
406 3344 547 3401 uideamur
568 3353 697 3402 nocenter
714 3345 863 3412 liberator,
883 3344 986 3401 multat
1004 3345 1166 3398 innoeentes

160 3433 230 3488 rape
243 3421 399 3474 damnatos.
919 3440 922 3451 v
938 3422 940 3429 ’

194 3533 206 3563 t
224 3519 276 3568 iicc
290 3518 355 3571 iacit
366 3517 400 3571 ati
413 3529 467 3569 rom
478 3518 627 3581 exemptum
641 3525 670 3569 et
685 3517 802 3570 doctrina
815 3532 892 3582 qnam
906 3514 988 3568 tradit
1005 3512 1164 3581 apiriam.

161 3598 171 3628 r
192 3588 272 3649 petita
296 3602 330 3640 ca
349 3589 520 3651 juramento,
541 3590 614 3652 quod
636 3590 777 3653 anquando
801 3590 882 3652 iicet,
905 3589 1024 3663 quantus
1045 3586 1166 3642 Christus
