2617 4192
177 247 217 326 xij

179 413 309 466 ratissima
320 420 416 466 essent.
426 411 465 464 id
480 425 566 465 nerum
581 412 700 465 ordinem
712 423 876 477 summopere
889 412 1005 464 animum
1018 413 1183 467 attendentes

181 496 209 548 in
227 496 310 547 titulis
319 502 347 546 et
361 494 493 545 indicibus
508 495 623 558 capitum
634 496 745 559 plurimu
763 493 972 555 emendavimus,
983 500 1082 546 textum
1094 494 1121 546 S.
1129 497 1182 547 Au·

178 577 260 630 otonis
276 576 419 640 sepissime
438 575 572 628 confusum
585 577 639 640 jum
650 589 719 629 nuno
730 576 801 628 rente
816 578 831 627 i
843 583 915 628 textu
927 575 1065 628 Busembui
1084 578 1183 642 ubique

182 656 363 718 distinximui‚
377 669 477 707 necnon
488 666 600 720 quatuor
611 658 695 708 libros
707 657 810 720 priores
822 657 880 708 ioco
891 658 1034 718 movimus,
1050 657 1099 710 huo
1116 673 1184 722 prue-

179 737 256 800 ciput
275 737 376 789 tutione
394 737 483 798 ducti,
502 746 530 788 ut
546 744 671 789 tractatus
686 736 718 789 de
732 736 923 800 Cotttot'etttt'o,
939 737 972 790 tie
982 736 1097 805 Leuibus
1108 744 1134 791 et
1150 739 1184 793 de

178 814 291 871 uetitos
302 815 376 871 huto.
389 822 414 870 et
429 818 562 876 Peucetio.
576 819 627 870 sibi
639 819 757 881 proxime
769 819 950 877 sueoedereut,
966 819 1184 883 quemadmodum

181 908 268 950 retum
279 900 347 951 ratio
359 906 436 963 utque
448 913 511 950 usus
522 900 668 953 scholarum
682 901 827 951 communis
838 901 934 953 ierunt.
944 900 982 951 Ne
992 908 1078 952 tamen
1096 902 1185 966 hujus·

181 980 253 1032 modi
265 980 454 1032 mutationibus
464 980 700 1031 correctionibuste
718 981 854 1032 studiosus
865 980 1066 1032 confunderetur
1082 982 1183 1045 lentot,

180 1061 267 1125 ipsum
285 1061 318 1112 de
339 1062 462 1112 omuibus
475 1067 622 1126 opportuno
636 1062 696 1113 loco
707 1062 835 1113 monitum
845 1061 984 1113 voluimus.
1003 1062 1078 1112 Fuxit
1095 1062 1185 1126 itaquo

181 1141 266 1204 Deus,
289 1151 319 1192 ut
340 1155 397 1206 quae
417 1145 432 1194 i
455 1143 533 1194 nobis
551 1144 672 1207 pluribus
690 1143 751 1195 aliis
771 1143 843 1194 euris
860 1142 983 1194 distentis
1004 1143 1137 1207 elaboratu
1156 1152 1186 1194 et

181 1229 299 1275 accurato
312 1223 341 1273 in
356 1223 404 1273 hoo
415 1224 557 1279 novissime
568 1225 725 1282 exhibentur
737 1223 853 1280 editione
863 1261 872 1290 ,
882 1237 915 1277 ea
926 1225 993 1287 sint,
1011 1236 1068 1288 quae
1081 1224 1184 1291 superis

180 1304 382 1371 hominibusque
397 1305 532 1371 placeant!
