2617 4192
183 220 251 298 xiiij

184 353 271 413 cdere
295 352 391 413 lucem
413 349 579 422 constitui,
602 348 671 410 'libi
698 347 890 410 libentissimi
914 347 1091 411 dedicarem.
1113 349 1187 412 Crim

182 445 263 505 enim
275 442 392 504 fuissem
405 444 459 504 Dei
469 443 611 503 beneficio
623 451 743 502 vocatus
757 442 794 501 ud
808 443 979 502 Missionum
990 443 1188 504 ministerium

183 552 238 612 pro
250 532 420 611 adjuvandis
432 532 546 611 populis
561 551 615 612 per
630 551 700 593 rura
712 533 850 611 dispersis
863 533 974 611 ,iisque
985 534 1187 612 potissimum,

184 626 235 703 qui
259 624 460 702 spiritualibus
480 624 572 701 magis
593 623 796 684 destituuntur
817 624 954 695 auxiliis,
974 625 1035 684 visa
1056 625 1129 686 mibi
1152 627 1189 686 ad

183 713 239 774 laoc
256 714 312 775 luit
328 712 485 774 necessaria
505 713 625 774 scientia
646 712 818 793 plusquam
838 715 992 775 mediocris
1004 716 1113 776 Rerum
1127 720 1189 776 blo-

182 808 310 879 ralium,
326 828 392 887 quae
407 817 469 868 tum
487 807 524 867 ad
547 807 758 880 instruendas,
779 818 844 869 tum
863 810 900 869 ad
921 811 1061 890 regendas
1079 809 1189 870 animas

182 909 257 960 emet
273 901 499 961 accommodata.
517 900 580 973 Qun
603 899 640 959 de
658 918 692 959 re
706 908 767 959 tarn
785 919 841 979 pro
861 919 941 974 mea,
961 901 1050 979 quam
1071 920 1125 981 pro
1137 903 1190 961 lu-

182 1007 291 1052 venum
317 1000 423 1051 nostrae
451 990 617 1050 Sodalitatis
644 990 861 1069 intelligentia,
889 1002 1090 1072 opportunum
1117 991 1187 1053 duri

183 1083 335 1161 opiniones
353 1080 587 1160 probabiliores,
609 1082 802 1158 utilioresque
821 1083 858 1141 ad
880 1085 1045 1143 animarum
1066 1084 1188 1144 salutem

181 1174 314 1252 seligere.
334 1172 467 1250 Cumque
488 1171 626 1250 plurimis
644 1190 698 1251 per
718 1174 818 1252 plures
843 1192 935 1234 annos
953 1175 1068 1234 relectis
1087 1177 1194 1236 Aucto·

182 1264 266 1325 ribus
285 1274 344 1324 tam
365 1263 521 1340 benignae,
544 1262 633 1341 quim
656 1265 760 1343 rigide
778 1265 948 1336 sententiae,
971 1265 1044 1326 alios
1062 1267 1190 1327 nimium

181 1354 355 1433 benignitati
381 1355 594 1433 indulgentes,
621 1355 693 1414 alios
723 1355 849 1415 nimium
873 1356 1036 1416 austeritati
1060 1357 1189 1417 addictos

181 1446 387 1525 comperissem
400 1490 409 1519 ,
422 1465 519 1525 operoe
535 1447 664 1526 pretium
677 1464 725 1507 me
739 1447 884 1507 iacturum
897 1447 1026 1520 credidi,
1036 1448 1062 1508 si
1078 1448 1189 1509 librum

181 1538 299 1599 ederem
321 1539 372 1610 qui
396 1540 523 1600 mediam
540 1540 619 1600 viam
636 1548 760 1611 tenens,
783 1540 942 1601 sententias
961 1542 1053 1620 magis
1071 1542 1188 1602 veritati

181 1647 340 1702 consonas,
358 1630 510 1709 magisque
521 1631 595 1690 scitu
609 1633 784 1691 necessarias
801 1631 837 1690 ad
856 1632 1046 1693 conscientias
1059 1630 1190 1711 dirigen-

181 1721 232 1781 das
252 1731 431 1801 exponerem
448 1730 552 1800 atque,
572 1720 627 1782 bao
646 1722 762 1802 arrepta
783 1723 1022 1801 opportunitate,
1041 1723 1135 1783 multa
1156 1724 1188 1782 in

181 1831 217 1875 eo
229 1814 265 1874 ad
279 1816 394 1893 praxim
409 1815 588 1894 pertinentia
599 1860 607 1887 ‚
617 1833 684 1895 quae
697 1817 850 1875 Sacrorum
866 1815 1038 1876 llissionum
1051 1816 1187 1876 exercitio

180 1905 359 1979 didiceram,
380 1906 532 1968 Fratribus
548 1908 622 1968 meis
641 1908 870 1968 committerem.
890 1907 971 1986 Opus
989 1910 1051 1968 Deo
1067 1905 1191 1985 juvante

180 2001 254 2078 coepi
265 2044 273 2072 ‚
286 2009 317 2060 et
329 2000 458 2072 absolvi,
474 2009 505 2061 et
525 2000 693 2061 absolutum
711 2001 788 2078 typis
805 1999 980 2059 demandavi
1000 1999 1103 2076 equod
1121 1997 1189 2059 crim

181 2092 316 2152 universe
338 2093 428 2151 luerit
447 2100 620 2169 acceptum,
642 2090 805 2168 rursusque
826 2090 960 2150 debuerit
982 2091 1092 2168 publici
1112 2091 1189 2168 juris

180 2182 264 2251 lieri,
290 2183 321 2239 in
344 2181 497 2239 meliorem
522 2181 657 2240 ordinem
681 2180 800 2257 redegi,
824 2180 992 2258 diligentius
1012 2181 1189 2259 quibusdam
1218 2228 1223 2236 .

180 2273 320 2333 doctrinis
341 2272 520 2342 enucleatis,
537 2272 745 2350 compluribus
767 2273 832 2333 aliis
857 2270 995 2349 adjectis,
1021 2271 1188 2351 additisque

179 2367 301 2437 insuper
324 2362 471 2441 aliquibus
497 2362 758 2424 Dissertattouibus
782 2363 820 2425 de
844 2362 1051 2425 infallibilitate
1075 2365 1191 2426 Defini-

179 2456 295 2516 tionum
309 2455 530 2516 Pontillciarum
539 2497 548 2531 ,
563 2465 594 2517 et
610 2456 647 2517 de
665 2456 836 2518 earumdem
854 2475 943 2535 supra
959 2459 1086 2521 concilia
1101 2476 1188 2537 supc-

179 2547 322 2608 rioritate.

218 2687 257 2748 At
276 2687 344 2766 quia
363 2688 431 2749 libri
451 2706 572 2761 omnes,
589 2690 641 2769 qui
664 2708 701 2750 ex
721 2689 889 2768 Theologiae
907 2689 1061 2770 principiis
1078 2689 1187 2760 Fidei,

179 2796 212 2840 ac
228 2797 347 2847 morum
362 2781 574 2842 controversias
587 2789 788 2860 pertractant,
801 2783 868 2842 Tibi
884 2782 938 2842 soii
953 2781 1118 2852 debentur,
1135 2782 1189 2857 qui

179 2880 209 2930 et
223 2886 356 2930 summus
369 2888 401 2930 os
419 2869 587 2949 Tbeologiae
607 2874 764 2950 Princeps,
781 2889 918 2949 unusque
936 2871 1069 2930 Ecclesiae
1088 2871 1190 2930 blode-

178 2971 260 3022 rator
274 3006 283 3035 ,
299 2962 420 3025 Divinae
440 2963 579 3023 Veritatis
603 2971 814 3034 conservator,
838 2972 870 3022 et
893 2962 1027 3034 vindex,
1054 2979 1191 3039 unusque

179 3054 449 3115 controuersiarum·
460 3053 574 3127 ludex,
590 3055 705 3132 abipso
719 3055 780 3114 Deo
798 3054 939 3132 singulari
951 3051 1137 3131 providentie
1151 3054 1189 3113 ad

179 3142 233 3204 boc
250 3147 426 3207 constitutus
439 3191 447 3217 ‚
462 3144 551 3225 prout
564 3148 638 3207 dixit
654 3140 863 3207 Maximianus
877 3147 1034 3225 Episcopus
1051 3148 1190 3207 coman-

179 3236 391 3313 tinopotitanus
416 3237 521 3316 (Epist.
546 3238 583 3298 ad
607 3236 792 3316 orientales).
816 3261 830 3290 a
851 3238 960 3299 Omnes
983 3237 1057 3298 fines
1078 3244 1188 3309 terre,

179 3357 193 3385 a
216 3346 378 3412 omnesque
397 3349 499 3391 veram
522 3333 623 3394 Fidem
641 3334 816 3408 profitentes
836 3332 867 3393 in
887 3335 1090 3393 Romanorum
1111 3331 1194 3390 Pon-

180 3451 194 3480 a
218 3427 332 3488 lilinum
349 3425 513 3506 potentiam
532 3434 684 3506 tamquam
701 3427 734 3486 in
752 3427 850 3487 Solem
868 3425 1028 3503 respicere,
1045 3440 1135 3501 quem
1151 3421 1190 3480 de

180 3541 192 3570 a
214 3519 328 3579 ceteris
348 3518 521 3579 mortalibus
541 3535 577 3578 ex
597 3528 744 3577 terrarum
763 3517 843 3576 Orbe
862 3514 1002 3574 Conditor
1024 3512 1112 3573 Orbis
1128 3512 1189 3572 ele·

179 3631 193 3661 a
217 3610 278 3684 git,
300 3609 348 3670 eui
372 3609 549 3673 Cathcdram
572 3609 734 3688 magisterii
758 3607 959 3688 principaliter
984 3605 1189 3688 possidendam
