2617 4192
499 217 575 271 m
591 210 812 267 uetustissimis.
1084 213 1140 278 Ml

119 320 147 349 >s-
161 309 291 377 ,damam
306 303 422 358 brimus·
432 300 670 369 siquisoatttssit
681 299 786 368 pistis,
798 301 827 353 tt
838 310 891 367 ptr
904 296 1068 353 tuamne
1079 299 1141 365 sius

120 380 248 449 uliquis,
260 378 344 445 puerit
360 374 556 444 proscriptus,
577 372 620 426 uel
640 373 820 440 interiectus,
836 370 945 440 placuit
964 385 1025 427 mm
1043 385 1092 425 estc
1109 372 1141 423 iss

131 459 188 521 pne
205 451 328 518 ocoipm
347 446 577 502 cummunionem.
589 445 620 498 si
636 444 724 498 leuior
742 456 829 498 causa
842 443 946 511 tussit.
963 443 1042 496 intra
1057 443 1140 510 quin·

130 520 285 594 qucunium
296 523 422 588 accipom
431 520 535 587 poterit
547 519 775 572 communionem.
785 517 815 571 si
822 515 1033 569 cstccbumeuus
1041 518 1139 585 [reru.

130 605 195 668 poet
206 593 391 666 quinquennii
404 599 531 660 tempora
542 591 711 645 admittatur
721 591 759 644 ad
768 588 952 657 baptismum.

122 690 138 705 l*
163 688 231 752 Cap.
246 685 289 734 il.
299 680 403 734 Falsus
421 678 514 741 testis,
530 684 617 746 praui
633 678 737 730 crimen
752 681 808 736 est,
821 674 1003 728 abstinebitur
1014 677 1052 741 (id
1065 684 1105 728 est
1116 676 1140 727 sl

130 768 225 823 prore,
239 763 266 807 et
283 756 395 819 capitale
410 754 506 814 tuerit,
520 754 589 816 quod
607 753 705 816 objecit
717 789 724 812 ,
737 751 911 802 abstinebitur
925 750 952 799 lu
967 747 1139 812 perpetuum).

128 829 161 883 si
173 836 265 881 tamen
275 825 430 893 nonesuerit
441 825 542 877 mortis
558 823 633 891 quod
648 822 761 890 objecit,
775 826 801 875 et
816 819 990 890 probauerit,
1003 820 1077 887 quod
1091 819 1141 872 dist

131 898 266 960 incurrit,
280 896 383 951 biennii
396 901 515 964 tempore
529 895 714 948 abstinebitur
728 897 765 961 (id
779 903 819 946 est
836 895 859 945 si
872 892 937 946 iilud
954 894 1024 958 qued
1045 893 1141 955 obiecit

131 983 185 1025 uon
206 973 287 1022 iuorit
304 971 429 1033 capitale,
446 978 473 1021 ct
489 970 656 1033 probaverit,
679 983 708 1019 se
725 982 778 1021 uon
797 974 890 1032 sponte
909 968 942 1018 ad
963 967 1139 1017 testimonium

132 1045 274 1097 terendum
298 1042 459 1105 prosiliisse,
483 1042 529 1092 sed
556 1042 601 1092 diu
622 1042 753 1100 tacuisse,
773 1047 800 1092 ct
819 1040 900 1090 vetuti
923 1039 1037 1090 adcitum
1059 1037 1139 1088 adid

131 1118 233 1175 inisse,
259 1115 357 1165 biennii
381 1114 562 1164 communione
581 1114 718 1177 privetur).
740 1112 771 1164 si
789 1116 882 1163 autem
903 1123 961 1163 nea
982 1107 1140 1176 probauerit

130 1188 164 1241 in
177 1190 314 1241 conventit
327 1184 512 1245 comicorum,
528 1183 638 1252 placuit
651 1199 702 1252 pcr
713 1184 933 1252 quinquennium
948 1181 1091 1235 abstineri.

166 1278 233 1342 Cap.
246 1276 287 1325 75.
306 1271 415 1340 Siquis
434 1277 528 1325 autem
546 1270 958 1339 Episcopum,'Presbpterum,
975 1269 1019 1324 aci
1037 1269 1139 1322 Diaco-

130 1356 199 1402 num
210 1345 291 1415 falsis
306 1345 467 1405 criminibus
481 1343 645 1415 appetierit,
661 1349 685 1395 ct
696 1343 816 1412 probare
827 1359 884 1396 non
893 1346 1034 1412 potuerit,
1050 1356 1099 1395 nec
1109 1342 1141 1395 in

131 1416 187 1490 linc
199 1420 322 1473 Muciam
340 1419 364 1471 ei
382 1433 437 1471 esec
456 1417 686 1471 communionem.
707 1420 737 1469 ili
756 1425 809 1470 tres
829 1427 934 1484 proptor
954 1431 1039 1470 rerum
1055 1417 1141 1468 eccle·

120 1496 295 1557 ‚siasticarum
308 1493 579 1549 administrationem,
597 1499 623 1541 et
638 1491 738 1553 iudicia
757 1499 830 1543 erant
845 1492 928 1556 magis
945 1490 1053 1544 obnoxii
1066 1490 1140 1542 calu·

129 1568 253 1629 mulis,a
267 1567 363 1630 quibus
375 1564 486 1630 proinde
499 1563 590 1615 fideles
601 1564 685 1628 magis
697 1564 871 1614 absterrendi.

164 1658 234 1721 Cap,
251 1656 292 1706 76.
311 1652 340 1705 Si
360 1651 422 1720 quic
438 1648 594 1704 Diaconum
614 1663 643 1702 sc
664 1648 820 1715 permiserit
841 1646 981 1708 ordinari,
1000 1651 1027 1702 st
1044 1651 1141 1717 postea

131 1726 218 1795 [uerit
228 1726 259 1778 in
269 1725 383 1778 crimine
396 1725 516 1777 detectus
529 1722 627 1775 mortis
640 1722 700 1789 (sub
716 1724 812 1787 quibus
821 1725 928 1777 vecibus
937 1723 1032 1786 triplex
1043 1724 1141 1773 crimen

133 1809 196 1850 tuuc
217 1798 431 1862 significabatur,
455 1810 549 1859 nempe
571 1796 739 1861 idololatria,
761 1796 889 1855 maechia,
911 1805 937 1847 et
959 1795 1140 1856 homicidium)

134 1863 210 1936 qued
231 1867 385 1934 aliquando
403 1866 585 1926 commiserit,
602 1867 626 1919 si
642 1871 742 1933 sponte
761 1860 1018 1933 inimicantium,
1034 1863 1143 1933 placuit

134 1954 217 2000 eum,
241 1943 305 1991 acta
329 1937 451 2007 lepitirna
470 1937 648 2007 punitentia,
669 1944 731 2006 post
753 1937 904 1991 triennium
924 1937 1048 2004 accipere
1067 1949 1142 1989 com-

134 2011 314 2067 mulsionem:
326 2009 436 2078 quodsi
451 2009 525 2065 allus
537 2025 596 2063 sum
610 2010 727 2070 delenit,
743 2017 808 2078 post
825 2011 1062 2078 quinquennium,
1075 2013 1141 2062 actu

131 2082 297 2157 peonitentia
309 2082 431 2154 accipere
443 2083 661 2137 cummunionem
676 2083 778 2136 laicam
795 2084 897 2138 debere.
911 2086 993 2151 igitur
1002 2085 1047 2149 qui
1061 2098 1141 2137 uuum

132 2171 165 2210 ex
178 2157 307 2222 praedietis
325 2158 410 2208 tribus
427 2158 581 2211 criminibus
599 2159 778 2221 commiserat,
797 2159 916 2225 quamvis
933 2159 1048 2219 occuito,
1066 2158 1142 2209 ordi·

132 2231 190 2281 neri
203 2231 330 2281 diaconus
340 2243 391 2280 neu
402 2237 518 2292 peterat,
531 2231 611 2282 immo
623 2244 671 2281 uec
680 2231 872 2294 Sululiacenus,
885 2239 915 2283 ut
927 2232 1022 2282 dicitur
1031 2245 1086 2297 cap.
1095 2232 1139 2283 ab,

132 2304 209 2367 Leito
223 2303 371 2365 commuuio
385 2309 443 2353 erut
453 2304 576 2364 iliorum,
590 2304 634 2367 qui
647 2304 782 2366 intemplo
793 2318 845 2354 nou
857 2306 1060 2357 adurittebsutur
1071 2306 1140 2358 intra

132 2376 261 2429 cancellos
278 2375 304 2426 iu
323 2378 396 2434 leco,
418 2388 496 2441 quem
513 2376 590 2426 mode
610 2376 722 2427 dicimus
739 2378 864 2439 chorum,
883 2379 928 2431 scd
946 2388 1018 2429 extra
1035 2369 1067 2428 in
1080 2378 1139 2431 loca

126 2444 208 2503 'laicis
221 2446 359 2499 destinato.
371 2449 396 2498 ls
407 2461 470 2511 ergo
484 2449 530 2512 qui
542 2448 591 2498 hoa
602 2449 629 2497 iu
648 2449 707 2498 lece
717 2485 724 2509 ,
736 2456 763 2499 et
773 2463 824 2501 uon
837 2451 964 2513 superiori
977 2464 1054 2517 quem
1066 2451 1138 2512 dixi,

132 2527 367 2582 manerepetcmt,
382 2519 547 2574 imitantem
566 2522 630 2571 laica
646 2524 828 2574 communione
846 2524 997 2583 dicebatur,
1013 2535 1063 2587 qua
1082 2523 1140 2584 ipsa

133 2592 273 2654 aliquando
287 2593 455 2661 privabantur
473 2599 528 2643 toto
544 2594 602 2644 titre
622 2602 740 2657 tempore
758 2596 851 2647 Clerici
870 2595 909 2662 (ut
923 2596 979 2651 itti.
998 2594 1140 2656 dequibus

133 2665 187 2728 agit
203 2666 273 2716 Felix
286 2660 329 2717 ill.
342 2662 372 2715 in
384 2678 416 2717 ca
428 2663 551 2736 epistsad
562 2666 705 2730 Episcopus
716 2668 807 2719 ulrice
821 2682 877 2731 cap.
888 2667 924 2730 i.)
935 2667 1139 2729 dicebanturque

131 2738 161 2796 iu
173 2744 256 2789 morte
268 2737 300 2788 ad
311 2738 402 2809 laicam
417 2738 623 2805 communionem
635 2741 730 2803 recipi,
745 2755 798 2805 nou
812 2740 882 2804 qued
897 2741 925 2791 iu
942 2747 1025 2793 morte
1037 2739 1139 2789 Euche-

132 2806 235 2860 ‘ristiam
246 2808 272 2860 iu
291 2811 337 2861 tali
354 2811 412 2862 ieeo
424 2824 482 2861 cum
500 2811 575 2861 luicis
594 2812 759 2877 acciperunt,
778 2812 825 2865 sed
844 2812 915 2877 quad
930 2818 1017 2864 esseut
1033 2820 1094 2863 tunc
1111 2814 1138 2864 iu

134 2883 253 2956 ordinem
261 2883 381 2956 fidelium
400 2885 525 2951 laicorum
537 2886 645 2948 recepti.
664 2946 666 2951 χ
706 2944 708 2951 ,

136 2970 238 3048 „le
248 2970 288 3021 78.
307 2968 416 3035 Siquis
430 2968 518 3036 fidelis
535 2969 639 3027 babens
657 2985 865 3033 urorum,cam
879 2971 992 3031 tudaa,
1009 2967 1052 3022 uel
1066 2970 1139 3023 Grn-

136 3036 185 3100 itit
192 3037 274 3102 litorii
285 3041 455 3102 atterebatur,⁴
464 3041 483 3099 ti
493 3043 685 3098 cummunione
698 3049 839 3096 arceatur.
850 3045 932 3106 Quod
948 3044 974 3094 si
988 3042 1062 3096 atius
1077 3057 1139 3096 cum

89 3144 100 3154 ·
134 3109 285 3193 dtltuttiis
301 3118 367 3178 puri
381 3112 605 3181 quinquennium
619 3120 686 3170 acta
706 3115 829 3183 ieqitima
846 3114 1025 3181 punitentia.
1036 3116 1140 3183 poterit

133 3185 288 3240 immitit
299 3184 401 3245 rectori
411 3188 607 3247 commuuione.
623 3192 710 3243 semet
726 3191 872 3241 moeeuatns
880 3190 1066 3254 quinquennali
1081 3203 1140 3255 poe-

133 3256 247 3314 enitentia
266 3259 406 3323 testigatur
423 3263 531 3313 Canon.
549 3262 591 3314 au.
611 3264 636 3327 lu
657 3277 719 3327 erqo
740 3265 826 3314 Canen
847 3263 952 3314 additur
971 3263 1139 3315 adrevertus

123 3329 295 3393 muniendum
313 3331 431 3396 quinem
439 3334 584 3389 mechatur
600 3346 755 3400 utcumque,
772 3335 823 3387 ,sed
834 3350 891 3388 cum
902 3336 1002 3396 sudas,
1015 3337 1054 3386 rel
1070 3337 1140 3387 Gen-

122 3402 197 3462 till,
215 3402 288 3466 uliud
306 3410 378 3465 perte
398 3413 440 3457 est
460 3407 581 3470 turpius,
602 3417 630 3458 et
648 3408 753 3472 gratius
774 3409 939 3461 adulterium.
956 3409 1009 3459 Cur
1027 3421 1089 3472 erga
1111 3408 1140 3460 iu

130 3474 223 3541 prima
231 3482 304 3538 iiiii
315 3477 498 3537 munienda
514 3481 638 3533 statuitur
649 3490 753 3545 tempus
764 3482 938 3546 minutia,
950 3487 979 3532 et
987 3482 1016 3531 in
1027 3481 1140 3535 secunda

125 3547 195 3611 -sotn
209 3548 391 3613 multitunem
409 3550 487 3619 cuiun
500 3553 629 3617 inunum,
647 3561 674 3607 et
693 3555 797 3617 nitidem
816 3555 895 3606 etiam
910 3554 972 3604 dum
990 3566 1043 3604 non
1058 3553 1140 3605 cunu-

135 3625 205 3675 tetur
227 3620 301 3684 ipse,
317 3621 365 3678 sed
387 3622 420 3675 ale
440 3620 493 3679 aiio
514 3625 669 3680 accusaturi
689 3626 770 3688 lgiuu
790 3629 817 3679 lu
836 3629 919 3692 prima
937 3633 1011 3690 parte
1030 3622 1141 3694 emens
