<?xml version="1.0" encoding="UTF-8"?>
<!DOCTYPE html PUBLIC "-//W3C//DTD XHTML 1.0 Transitional//EN"
    "http://www.w3.org/TR/xhtml1/DTD/xhtml1-transitional.dtd">
<html xmlns="http://www.w3.org/1999/xhtml" xml:lang="en" lang="en">
 <head>
  <title>
</title>
<meta http-equiv="Content-Type" content="text/html;charset=utf-8" />
  <meta name='ocr-system' content='tesseract 3.04.00' />
  <meta name='ocr-capabilities' content='ocr_page ocr_carea ocr_par ocr_line ocrx_word'/>
</head>
<body>
  <div class='ocr_page' id='page_1' title='image "./theologiamorali03heilgoog_0150.png"; bbox 0 0 2617 4192; ppageno 0'>
   <div class='ocr_carea' id='block_1_1' title="bbox 145 196 748 253">
    <p class='ocr_par' dir='ltr' id='par_1_1' title="bbox 145 196 748 253">
     <span class='ocr_line' id='line_1_1' title="bbox 145 196 748 253; baseline -0.005 -1"><span class='ocrx_word' id='word_1_1' title='bbox 145 200 188 253; x_wconf 82' lang='lat' dir='ltr'><strong>cxl</strong></span> <span class='ocrx_word' id='word_1_2' title='bbox 537 196 748 251; x_wconf 63' lang='lat' dir='ltr'><strong>mansiaticum</strong></span> 
     </span>
    </p>
   </div>
   <div class='ocr_carea' id='block_1_2' title="bbox 144 284 1167 717">
    <p class='ocr_par' dir='ltr' id='par_1_2' title="bbox 144 284 1167 717">
     <span class='ocr_line' id='line_1_2' title="bbox 145 284 1167 352; baseline 0.001 -12"><span class='ocrx_word' id='word_1_3' title='bbox 145 289 219 349; x_wconf 82' lang='lat' dir='ltr'><strong>maei,</strong></span> <span class='ocrx_word' id='word_1_4' title='bbox 239 295 266 340; x_wconf 87' lang='lat' dir='ltr'><strong>et</strong></span> <span class='ocrx_word' id='word_1_5' title='bbox 285 284 416 340; x_wconf 76' lang='lat' dir='ltr'><strong>Frauclsci</strong></span> <span class='ocrx_word' id='word_1_6' title='bbox 437 284 547 347; x_wconf 84' lang='lat' dir='ltr'><strong>Salesil,</strong></span> <span class='ocrx_word' id='word_1_7' title='bbox 570 288 607 338; x_wconf 90' lang='lat' dir='ltr'><strong>utl</strong></span> <span class='ocrx_word' id='word_1_8' title='bbox 626 295 654 338; x_wconf 92' lang='lat' dir='ltr'><strong>et</strong></span> <span class='ocrx_word' id='word_1_9' title='bbox 673 287 868 339; x_wconf 65' lang='lat' dir='ltr'><strong>mechliniensis</strong></span> <span class='ocrx_word' id='word_1_10' title='bbox 888 285 985 352; x_wconf 77' lang='lat' dir='ltr'><strong>synodi</strong></span> <span class='ocrx_word' id='word_1_11' title='bbox 1007 301 1048 339; x_wconf 87' lang='lat' dir='ltr'><strong>an.</strong></span> <span class='ocrx_word' id='word_1_12' title='bbox 1076 284 1167 341; x_wconf 56' lang='lat' dir='ltr'><strong>icoc</strong></span> 
     </span>
     <span class='ocr_line' id='line_1_3' title="bbox 147 348 1151 412; baseline -0.001 -1"><span class='ocrx_word' id='word_1_13' title='bbox 147 348 244 412; x_wconf 82' lang='lat' dir='ltr'><strong>tiorum</strong></span> <span class='ocrx_word' id='word_1_14' title='bbox 259 361 374 411; x_wconf 88' lang='lat' dir='ltr'><strong>omnium</strong></span> <span class='ocrx_word' id='word_1_15' title='bbox 390 360 468 410; x_wconf 82' lang='lat' dir='ltr'><strong>verba</strong></span> <span class='ocrx_word' id='word_1_16' title='bbox 481 358 560 410; x_wconf 79' lang='lat' dir='ltr'><strong>retent</strong></span> <span class='ocrx_word' id='word_1_17' title='bbox 573 368 663 411; x_wconf 88' lang='lat' dir='ltr'><strong>noster</strong></span> <span class='ocrx_word' id='word_1_18' title='bbox 677 361 772 412; x_wconf 86' lang='lat' dir='ltr'><strong>author</strong></span> <span class='ocrx_word' id='word_1_19' title='bbox 791 357 837 410; x_wconf 79' lang='lat' dir='ltr'><strong>tio.</strong></span> <span class='ocrx_word' id='word_1_20' title='bbox 858 362 882 411; x_wconf 89' lang='lat' dir='ltr'><strong>l.</strong></span> <span class='ocrx_word' id='word_1_21' title='bbox 903 362 985 412; x_wconf 78' lang='lat' dir='ltr'><strong>tract.</strong></span> <span class='ocrx_word' id='word_1_22' title='bbox 1005 362 1028 411; x_wconf 90' lang='lat' dir='ltr'><strong>l.</strong></span> <span class='ocrx_word' id='word_1_23' title='bbox 1042 373 1070 412; x_wconf 86' lang='lat' dir='ltr'><strong>at.</strong></span> <span class='ocrx_word' id='word_1_24' title='bbox 1089 362 1151 412; x_wconf 76' lang='lat' dir='ltr'><strong>toa.</strong></span> 
     </span>
     <span class='ocr_line' id='line_1_4' title="bbox 146 432 1150 495; baseline 0.001 -13"><span class='ocrx_word' id='word_1_25' title='bbox 146 433 316 495; x_wconf 78' lang='lat' dir='ltr'><strong>Quamobrem</strong></span> <span class='ocrx_word' id='word_1_26' title='bbox 337 433 371 482; x_wconf 92' lang='lat' dir='ltr'><strong>ab</strong></span> <span class='ocrx_word' id='word_1_27' title='bbox 392 432 436 481; x_wconf 91' lang='lat' dir='ltr'><strong>bis</strong></span> <span class='ocrx_word' id='word_1_28' title='bbox 457 432 599 482; x_wconf 76' lang='lat' dir='ltr'><strong>recitandis</strong></span> <span class='ocrx_word' id='word_1_29' title='bbox 622 433 751 483; x_wconf 88' lang='lat' dir='ltr'><strong>abstineo.</strong></span> <span class='ocrx_word' id='word_1_30' title='bbox 772 433 927 483; x_wconf 75' lang='lat' dir='ltr'><strong>Abstineartt</strong></span> <span class='ocrx_word' id='word_1_31' title='bbox 949 439 1036 483; x_wconf 85' lang='lat' dir='ltr'><strong>tamen</strong></span> <span class='ocrx_word' id='word_1_32' title='bbox 1057 434 1073 484; x_wconf 78' lang='lat' dir='ltr'><strong>i</strong></span> <span class='ocrx_word' id='word_1_33' title='bbox 1095 440 1150 483; x_wconf 77' lang='lat' dir='ltr'><strong>mna</strong></span> 
     </span>
     <span class='ocr_line' id='line_1_5' title="bbox 144 506 1150 569; baseline 0.002 -13"><span class='ocrx_word' id='word_1_34' title='bbox 144 506 248 569; x_wconf 88' lang='lat' dir='ltr'><strong>perdito</strong></span> <span class='ocrx_word' id='word_1_35' title='bbox 258 506 434 557; x_wconf 70' lang='lat' dir='ltr'><strong>casuistarum</strong></span> <span class='ocrx_word' id='word_1_36' title='bbox 453 512 604 568; x_wconf 86' lang='lat' dir='ltr'><strong>contemptu</strong></span> <span class='ocrx_word' id='word_1_37' title='bbox 622 507 745 569; x_wconf 82' lang='lat' dir='ltr'><strong>loquaces</strong></span> <span class='ocrx_word' id='word_1_38' title='bbox 763 506 809 556; x_wconf 89' lang='lat' dir='ltr'><strong>isti</strong></span> <span class='ocrx_word' id='word_1_39' title='bbox 820 542 828 566; x_wconf 89' lang='lat'><strong>,</strong></span> <span class='ocrx_word' id='word_1_40' title='bbox 839 518 907 569; x_wconf 83' lang='lat' dir='ltr'><strong>quos</strong></span> <span class='ocrx_word' id='word_1_41' title='bbox 923 506 1025 557; x_wconf 87' lang='lat' dir='ltr'><strong>utinam</strong></span> <span class='ocrx_word' id='word_1_42' title='bbox 1040 508 1150 558; x_wconf 79' lang='lat' dir='ltr'><strong>bononis</strong></span> 
     </span>
     <span class='ocr_line' id='line_1_6' title="bbox 145 577 1149 646; baseline 0.001 -17"><span class='ocrx_word' id='word_1_43' title='bbox 145 591 223 629; x_wconf 87' lang='lat' dir='ltr'><strong>causa</strong></span> <span class='ocrx_word' id='word_1_44' title='bbox 240 579 375 631; x_wconf 85' lang='lat' dir='ltr'><strong>nominare</strong></span> <span class='ocrx_word' id='word_1_45' title='bbox 396 577 517 641; x_wconf 85' lang='lat' dir='ltr'><strong>possem!</strong></span> <span class='ocrx_word' id='word_1_46' title='bbox 536 591 621 642; x_wconf 89' lang='lat' dir='ltr'><strong>noque</strong></span> <span class='ocrx_word' id='word_1_47' title='bbox 641 580 742 629; x_wconf 79' lang='lat' dir='ltr'><strong>hiscere</strong></span> <span class='ocrx_word' id='word_1_48' title='bbox 761 579 875 629; x_wconf 84' lang='lat' dir='ltr'><strong>audeant</strong></span> <span class='ocrx_word' id='word_1_49' title='bbox 895 587 986 646; x_wconf 85' lang='lat' dir='ltr'><strong>eontra</strong></span> <span class='ocrx_word' id='word_1_50' title='bbox 1001 580 1149 643; x_wconf 74' lang='lat' dir='ltr'><strong>tueotogos</strong></span> 
     </span>
     <span class='ocr_line' id='line_1_7' title="bbox 144 649 933 717; baseline 0.003 -17"><span class='ocrx_word' id='word_1_51' title='bbox 144 649 278 715; x_wconf 69' lang='lat' dir='ltr'><strong>Ecclesia,</strong></span> <span class='ocrx_word' id='word_1_52' title='bbox 293 656 476 715; x_wconf 87' lang='lat' dir='ltr'><strong>tantorumque</strong></span> <span class='ocrx_word' id='word_1_53' title='bbox 495 651 609 702; x_wconf 82' lang='lat' dir='ltr'><strong>uirorum</strong></span> <span class='ocrx_word' id='word_1_54' title='bbox 625 650 757 717; x_wconf 72' lang='lat' dir='ltr'><strong>suffragiis</strong></span> <span class='ocrx_word' id='word_1_55' title='bbox 772 651 933 702; x_wconf 84' lang='lat' dir='ltr'><strong>honestatos.</strong></span> 
     </span>
    </p>
   </div>
   <div class='ocr_carea' id='block_1_3' title="bbox 547 823 842 903">
    <p class='ocr_par' dir='ltr' id='par_1_3' title="bbox 547 823 842 903">
     <span class='ocr_line' id='line_1_8' title="bbox 547 823 842 903; baseline -0.007 -8"><span class='ocrx_word' id='word_1_56' title='bbox 547 835 668 895; x_wconf 75' lang='lat' dir='ltr'>CAPUT</span> <span class='ocrx_word' id='word_1_57' title='bbox 691 835 754 894; x_wconf 88' lang='lat' dir='ltr'><strong>VH.</strong></span> <span class='ocrx_word' id='word_1_58' title='bbox 822 823 842 903; x_wconf 52' lang='lat' dir='ltr'>J</span> 
     </span>
    </p>
   </div>
   <div class='ocr_carea' id='block_1_4' title="bbox 182 997 1107 1162">
    <p class='ocr_par' dir='ltr' id='par_1_4' title="bbox 182 997 1107 1162">
     <span class='ocr_line' id='line_1_9' title="bbox 182 997 1107 1076; baseline 0.003 -17"><span class='ocrx_word' id='word_1_59' title='bbox 182 997 322 1060; x_wconf 84' lang='lat' dir='ltr'><strong>Cnsuistas</strong></span> <span class='ocrx_word' id='word_1_60' title='bbox 344 1017 405 1061; x_wconf 89' lang='lat' dir='ltr'><strong>non</strong></span> <span class='ocrx_word' id='word_1_61' title='bbox 426 1017 487 1061; x_wconf 85' lang='lat' dir='ltr'><strong>essa</strong></span> <span class='ocrx_word' id='word_1_62' title='bbox 507 997 706 1075; x_wconf 83' lang='lat' dir='ltr'><strong>abjiciendos,</strong></span> <span class='ocrx_word' id='word_1_63' title='bbox 730 997 809 1076; x_wconf 89' lang='lat' dir='ltr'><strong>quod</strong></span> <span class='ocrx_word' id='word_1_64' title='bbox 829 998 941 1076; x_wconf 86' lang='lat' dir='ltr'><strong>aliquas</strong></span> <span class='ocrx_word' id='word_1_65' title='bbox 960 997 1107 1061; x_wconf 73' lang='lat' dir='ltr'><strong>nummi</strong></span> 
     </span>
     <span class='ocr_line' id='line_1_10' title="bbox 298 1082 990 1162; baseline -0.003 -19"><span class='ocrx_word' id='word_1_66' title='bbox 298 1084 487 1145; x_wconf 83' lang='lat' dir='ltr'><strong>Pontificibus</strong></span> <span class='ocrx_word' id='word_1_67' title='bbox 503 1091 601 1162; x_wconf 84' lang='lat' dir='ltr'><strong>postca</strong></span> <span class='ocrx_word' id='word_1_68' title='bbox 620 1083 772 1143; x_wconf 83' lang='lat' dir='ltr'><strong>damoetas</strong></span> <span class='ocrx_word' id='word_1_69' title='bbox 795 1082 990 1143; x_wconf 74' lang='lat' dir='ltr'><strong>defenderint.</strong></span> 
     </span>
    </p>
   </div>
   <div class='ocr_carea' id='block_1_5' title="bbox 137 1222 1146 2948">
    <p class='ocr_par' dir='ltr' id='par_1_5' title="bbox 137 1222 1146 2948">
     <span class='ocr_line' id='line_1_11' title="bbox 143 1222 1144 1415; baseline 0.003 -71"><span class='ocrx_word' id='word_1_70' title='bbox 143 1222 229 1415; x_wconf 67' lang='lat' dir='ltr'><strong>Qua</strong></span> <span class='ocrx_word' id='word_1_71' title='bbox 248 1293 330 1345; x_wconf 88' lang='lat' dir='ltr'><strong>altero</strong></span> <span class='ocrx_word' id='word_1_72' title='bbox 351 1292 410 1345; x_wconf 91' lang='lat' dir='ltr'><strong>loco</strong></span> <span class='ocrx_word' id='word_1_73' title='bbox 431 1291 574 1344; x_wconf 80' lang='lat' dir='ltr'><strong>refellenda</strong></span> <span class='ocrx_word' id='word_1_74' title='bbox 594 1299 635 1343; x_wconf 87' lang='lat' dir='ltr'><strong>est</strong></span> <span class='ocrx_word' id='word_1_75' title='bbox 657 1287 834 1342; x_wconf 76' lang='lat' dir='ltr'><strong>casuistarum</strong></span> <span class='ocrx_word' id='word_1_76' title='bbox 854 1292 1006 1355; x_wconf 79' lang='lat' dir='ltr'><strong>accusatio,</strong></span> <span class='ocrx_word' id='word_1_77' title='bbox 1026 1305 1058 1346; x_wconf 84' lang='lat' dir='ltr'><strong>aa</strong></span> <span class='ocrx_word' id='word_1_78' title='bbox 1082 1303 1144 1357; x_wconf 88' lang='lat' dir='ltr'><strong>est,</strong></span> 
     </span>
     <span class='ocr_line' id='line_1_12' title="bbox 142 1362 1145 1429; baseline 0.001 -12"><span class='ocrx_word' id='word_1_79' title='bbox 142 1368 166 1417; x_wconf 87' lang='lat' dir='ltr'><strong>al</strong></span> <span class='ocrx_word' id='word_1_80' title='bbox 178 1378 242 1429; x_wconf 87' lang='lat' dir='ltr'><strong>quas</strong></span> <span class='ocrx_word' id='word_1_81' title='bbox 264 1364 461 1428; x_wconf 81' lang='lat' dir='ltr'><strong>propositiones</strong></span> <span class='ocrx_word' id='word_1_82' title='bbox 477 1365 511 1415; x_wconf 89' lang='lat' dir='ltr'><strong>ab</strong></span> <span class='ocrx_word' id='word_1_83' title='bbox 527 1364 581 1415; x_wconf 87' lang='lat' dir='ltr'><strong>illis</strong></span> <span class='ocrx_word' id='word_1_84' title='bbox 591 1370 775 1426; x_wconf 73' lang='lat' dir='ltr'><strong>‘propugnatas</strong></span> <span class='ocrx_word' id='word_1_85' title='bbox 791 1362 888 1424; x_wconf 88' lang='lat' dir='ltr'><strong>luisse,</strong></span> <span class='ocrx_word' id='word_1_86' title='bbox 901 1374 960 1427; x_wconf 67' lang='lat' dir='ltr'><strong>qaas</strong></span> <span class='ocrx_word' id='word_1_87' title='bbox 977 1365 1054 1428; x_wconf 71' lang='lat' dir='ltr'><strong>niuno</strong></span> <span class='ocrx_word' id='word_1_88' title='bbox 1071 1366 1145 1418; x_wconf 80' lang='lat' dir='ltr'><strong>tbota</strong></span> 
     </span>
     <span class='ocr_line' id='line_1_13' title="bbox 141 1436 1146 1500; baseline 0.001 -11"><span class='ocrx_word' id='word_1_89' title='bbox 141 1440 157 1490; x_wconf 78' lang='lat' dir='ltr'><strong>i</strong></span> <span class='ocrx_word' id='word_1_90' title='bbox 168 1437 280 1488; x_wconf 87' lang='lat' dir='ltr'><strong>Summis</strong></span> <span class='ocrx_word' id='word_1_91' title='bbox 290 1436 464 1487; x_wconf 79' lang='lat' dir='ltr'><strong>Pontificibus</strong></span> <span class='ocrx_word' id='word_1_92' title='bbox 476 1437 549 1488; x_wconf 83' lang='lat' dir='ltr'><strong>tuere</strong></span> <span class='ocrx_word' id='word_1_93' title='bbox 561 1444 652 1500; x_wconf 86' lang='lat' dir='ltr'><strong>postea</strong></span> <span class='ocrx_word' id='word_1_94' title='bbox 669 1444 772 1487; x_wconf 80' lang='lat' dir='ltr'><strong>notalae.</strong></span> <span class='ocrx_word' id='word_1_95' title='bbox 784 1438 870 1500; x_wconf 74' lang='lat' dir='ltr'><strong>Atque</strong></span> <span class='ocrx_word' id='word_1_96' title='bbox 887 1437 936 1488; x_wconf 83' lang='lat' dir='ltr'><strong>bac</strong></span> <span class='ocrx_word' id='word_1_97' title='bbox 951 1437 1057 1500; x_wconf 82' lang='lat' dir='ltr'><strong>quidem</strong></span> <span class='ocrx_word' id='word_1_98' title='bbox 1066 1450 1146 1490; x_wconf 75' lang='lat' dir='ltr'><strong>accu-</strong></span> 
     </span>
     <span class='ocr_line' id='line_1_14' title="bbox 141 1508 1145 1572; baseline 0.002 -11"><span class='ocrx_word' id='word_1_99' title='bbox 141 1510 246 1561; x_wconf 85' lang='lat' dir='ltr'><strong>satione</strong></span> <span class='ocrx_word' id='word_1_100' title='bbox 264 1508 331 1559; x_wconf 88' lang='lat' dir='ltr'><strong>ulbll</strong></span> <span class='ocrx_word' id='word_1_101' title='bbox 351 1509 482 1572; x_wconf 87' lang='lat' dir='ltr'><strong>ineptius,</strong></span> <span class='ocrx_word' id='word_1_102' title='bbox 505 1516 535 1559; x_wconf 90' lang='lat' dir='ltr'><strong>ut</strong></span> <span class='ocrx_word' id='word_1_103' title='bbox 553 1516 643 1560; x_wconf 85' lang='lat' dir='ltr'><strong>noster</strong></span> <span class='ocrx_word' id='word_1_104' title='bbox 660 1521 767 1572; x_wconf 82' lang='lat' dir='ltr'><strong>quoquo</strong></span> <span class='ocrx_word' id='word_1_105' title='bbox 784 1509 916 1559; x_wconf 65' lang='lat' dir='ltr'><strong>Lacr-oia</strong></span> <span class='ocrx_word' id='word_1_106' title='bbox 934 1510 1026 1572; x_wconf 86' lang='lat' dir='ltr'><strong>paucis</strong></span> <span class='ocrx_word' id='word_1_107' title='bbox 1045 1510 1145 1563; x_wconf 85' lang='lat' dir='ltr'><strong>indicat</strong></span> 
     </span>
     <span class='ocr_line' id='line_1_15' title="bbox 141 1578 1144 1646; baseline 0.001 -13"><span class='ocrx_word' id='word_1_108' title='bbox 141 1578 189 1633; x_wconf 84' lang='lat' dir='ltr'><strong>tu.</strong></span> <span class='ocrx_word' id='word_1_109' title='bbox 205 1582 229 1631; x_wconf 89' lang='lat' dir='ltr'><strong>l.</strong></span> <span class='ocrx_word' id='word_1_110' title='bbox 243 1582 326 1631; x_wconf 84' lang='lat' dir='ltr'><strong>tract.</strong></span> <span class='ocrx_word' id='word_1_111' title='bbox 340 1580 365 1631; x_wconf 91' lang='lat' dir='ltr'><strong>l.</strong></span> <span class='ocrx_word' id='word_1_112' title='bbox 381 1592 410 1631; x_wconf 85' lang='lat' dir='ltr'><strong>a.</strong></span> <span class='ocrx_word' id='word_1_113' title='bbox 423 1581 481 1632; x_wconf 86' lang='lat' dir='ltr'><strong>tot.</strong></span> <span class='ocrx_word' id='word_1_114' title='bbox 498 1581 595 1632; x_wconf 79' lang='lat' dir='ltr'><strong>bibens</strong></span> <span class='ocrx_word' id='word_1_115' title='bbox 612 1580 683 1631; x_wconf 88' lang='lat' dir='ltr'><strong>enim</strong></span> <span class='ocrx_word' id='word_1_116' title='bbox 698 1580 783 1632; x_wconf 85' lang='lat' dir='ltr'><strong>lateor</strong></span> <span class='ocrx_word' id='word_1_117' title='bbox 797 1580 824 1631; x_wconf 94' lang='lat' dir='ltr'><strong>ln</strong></span> <span class='ocrx_word' id='word_1_118' title='bbox 836 1580 964 1632; x_wconf 89' lang='lat' dir='ltr'><strong>casuistis</strong></span> <span class='ocrx_word' id='word_1_119' title='bbox 981 1584 1144 1646; x_wconf 88' lang='lat' dir='ltr'><strong>proscriptas</strong></span> 
     </span>
     <span class='ocr_line' id='line_1_16' title="bbox 139 1653 1143 1718; baseline -0.001 -11"><span class='ocrx_word' id='word_1_120' title='bbox 139 1655 238 1708; x_wconf 84' lang='lat' dir='ltr'><strong>&#39;lbescs</strong></span> <span class='ocrx_word' id='word_1_121' title='bbox 248 1653 309 1717; x_wconf 79' lang='lat' dir='ltr'><strong>lept.</strong></span> <span class='ocrx_word' id='word_1_122' title='bbox 325 1655 358 1704; x_wconf 77' lang='lat' dir='ltr'><strong>at</strong></span> <span class='ocrx_word' id='word_1_123' title='bbox 373 1654 436 1718; x_wconf 87' lang='lat' dir='ltr'><strong>quid</strong></span> <span class='ocrx_word' id='word_1_124' title='bbox 449 1653 526 1705; x_wconf 87' lang='lat' dir='ltr'><strong>tuml</strong></span> <span class='ocrx_word' id='word_1_125' title='bbox 540 1655 623 1717; x_wconf 76' lang='lat' dir='ltr'><strong>igitur</strong></span> <span class='ocrx_word' id='word_1_126' title='bbox 637 1655 732 1713; x_wconf 85' lang='lat' dir='ltr'><strong>ceteri,</strong></span> <span class='ocrx_word' id='word_1_127' title='bbox 750 1654 779 1704; x_wconf 89' lang='lat' dir='ltr'><strong>ln</strong></span> <span class='ocrx_word' id='word_1_128' title='bbox 796 1655 896 1718; x_wconf 85' lang='lat' dir='ltr'><strong>qulbus</strong></span> <span class='ocrx_word' id='word_1_129' title='bbox 912 1654 979 1705; x_wconf 86' lang='lat' dir='ltr'><strong>nibil</strong></span> <span class='ocrx_word' id='word_1_130' title='bbox 996 1656 1143 1718; x_wconf 64' lang='lat' dir='ltr'><strong>musmodl,</strong></span> 
     </span>
     <span class='ocr_line' id='line_1_17' title="bbox 142 1724 1144 1792; baseline -0.001 -11"><span class='ocrx_word' id='word_1_131' title='bbox 142 1735 188 1780; x_wconf 87' lang='lat' dir='ltr'><strong>aut</strong></span> <span class='ocrx_word' id='word_1_132' title='bbox 200 1727 251 1792; x_wconf 90' lang='lat' dir='ltr'><strong>ipsi</strong></span> <span class='ocrx_word' id='word_1_133' title='bbox 270 1724 327 1788; x_wconf 91' lang='lat' dir='ltr'><strong>illi,</strong></span> <span class='ocrx_word' id='word_1_134' title='bbox 339 1727 384 1790; x_wconf 80' lang='lat' dir='ltr'><strong>quui</strong></span> <span class='ocrx_word' id='word_1_135' title='bbox 406 1727 431 1776; x_wconf 91' lang='lat' dir='ltr'><strong>lu</strong></span> <span class='ocrx_word' id='word_1_136' title='bbox 446 1740 493 1779; x_wconf 88' lang='lat' dir='ltr'><strong>eos</strong></span> <span class='ocrx_word' id='word_1_137' title='bbox 508 1728 630 1792; x_wconf 90' lang='lat' dir='ltr'><strong>scopulos</strong></span> <span class='ocrx_word' id='word_1_138' title='bbox 646 1727 793 1791; x_wconf 79' lang='lat' dir='ltr'><strong>impegere,</strong></span> <span class='ocrx_word' id='word_1_139' title='bbox 813 1727 890 1789; x_wconf 86' lang='lat' dir='ltr'><strong>plane</strong></span> <span class='ocrx_word' id='word_1_140' title='bbox 904 1726 1061 1790; x_wconf 78' lang='lat' dir='ltr'><strong>abjiciendi?</strong></span> <span class='ocrx_word' id='word_1_141' title='bbox 1072 1729 1144 1780; x_wconf 81' lang='lat' dir='ltr'><strong>Prob</strong></span> 
     </span>
     <span class='ocr_line' id='line_1_18' title="bbox 140 1799 1145 1865; baseline -0.001 -12"><span class='ocrx_word' id='word_1_142' title='bbox 140 1799 323 1853; x_wconf 87' lang='lat' dir='ltr'><strong>stultissimam</strong></span> <span class='ocrx_word' id='word_1_143' title='bbox 330 1800 551 1851; x_wconf 83' lang='lat' dir='ltr'><strong>consecutionem!</strong></span> <span class='ocrx_word' id='word_1_144' title='bbox 562 1812 619 1865; x_wconf 82' lang='lat' dir='ltr'><strong>quae</strong></span> <span class='ocrx_word' id='word_1_145' title='bbox 628 1799 651 1851; x_wconf 87' lang='lat' dir='ltr'><strong>sl</strong></span> <span class='ocrx_word' id='word_1_146' title='bbox 663 1801 715 1851; x_wconf 78' lang='lat' dir='ltr'><strong>vim</strong></span> <span class='ocrx_word' id='word_1_147' title='bbox 724 1801 820 1851; x_wconf 82' lang='lat' dir='ltr'><strong>nabere</strong></span> <span class='ocrx_word' id='word_1_148' title='bbox 829 1799 943 1859; x_wconf 86' lang='lat' dir='ltr'><strong>dicatur,</strong></span> <span class='ocrx_word' id='word_1_149' title='bbox 951 1800 1040 1851; x_wconf 81' lang='lat' dir='ltr'><strong>Patres</strong></span> <span class='ocrx_word' id='word_1_150' title='bbox 1050 1811 1145 1852; x_wconf 85' lang='lat' dir='ltr'><strong>omnes</strong></span> 
     </span>
     <span class='ocr_line' id='line_1_19' title="bbox 141 1871 1145 1940; baseline 0.001 -16"><span class='ocrx_word' id='word_1_151' title='bbox 141 1873 329 1940; x_wconf 88' lang='lat' dir='ltr'><strong>improbandos</strong></span> <span class='ocrx_word' id='word_1_152' title='bbox 344 1886 421 1934; x_wconf 89' lang='lat' dir='ltr'><strong>esse,</strong></span> <span class='ocrx_word' id='word_1_153' title='bbox 433 1873 647 1937; x_wconf 78' lang='lat' dir='ltr'><strong>abiiciendosque</strong></span> <span class='ocrx_word' id='word_1_154' title='bbox 663 1886 710 1923; x_wconf 90' lang='lat' dir='ltr'><strong>cur</strong></span> <span class='ocrx_word' id='word_1_155' title='bbox 727 1884 778 1923; x_wconf 90' lang='lat' dir='ltr'><strong>nou</strong></span> <span class='ocrx_word' id='word_1_156' title='bbox 798 1871 936 1922; x_wconf 71' lang='lat' dir='ltr'><strong>dicamus?</strong></span> <span class='ocrx_word' id='word_1_157' title='bbox 952 1872 1019 1924; x_wconf 74' lang='lat' dir='ltr'><strong>Audi</strong></span> <span class='ocrx_word' id='word_1_158' title='bbox 1036 1873 1145 1937; x_wconf 74' lang='lat' dir='ltr'><strong>elemu-</strong></span> 
     </span>
     <span class='ocr_line' id='line_1_20' title="bbox 141 1942 1144 2011; baseline 0 -13"><span class='ocrx_word' id='word_1_159' title='bbox 141 1947 270 1998; x_wconf 84' lang='lat' dir='ltr'><strong>tissimum</strong></span> <span class='ocrx_word' id='word_1_160' title='bbox 290 1945 388 1995; x_wconf 85' lang='lat' dir='ltr'><strong>cauum</strong></span> <span class='ocrx_word' id='word_1_161' title='bbox 407 1942 453 1995; x_wconf 86' lang='lat' dir='ltr'><strong>tib.</strong></span> <span class='ocrx_word' id='word_1_162' title='bbox 471 1947 495 1995; x_wconf 82' lang='lat'><strong>7.</strong></span> <span class='ocrx_word' id='word_1_163' title='bbox 516 1958 578 2008; x_wconf 85' lang='lat' dir='ltr'><strong>cop.</strong></span> <span class='ocrx_word' id='word_1_164' title='bbox 600 1947 627 1996; x_wconf 76' lang='grc' dir='ltr'><strong>ὅ.</strong></span> <span class='ocrx_word' id='word_1_165' title='bbox 647 1946 731 1997; x_wconf 78' lang='lat' dir='ltr'><strong>Nemo</strong></span> <span class='ocrx_word' id='word_1_166' title='bbox 751 1942 929 2011; x_wconf 77' lang='lat' dir='ltr'><strong>quantumuis</strong></span> <span class='ocrx_word' id='word_1_167' title='bbox 951 1943 1092 2007; x_wconf 76' lang='lat' dir='ltr'><strong>eruditur,</strong></span> <span class='ocrx_word' id='word_1_168' title='bbox 1116 1950 1144 1998; x_wconf 82' lang='lat' dir='ltr'><strong>et</strong></span> 
     </span>
     <span class='ocr_line' id='line_1_21' title="bbox 140 2012 1144 2078; baseline 0 -9"><span class='ocrx_word' id='word_1_169' title='bbox 140 2018 256 2069; x_wconf 77' lang='lat' dir='ltr'><strong>canctus</strong></span> <span class='ocrx_word' id='word_1_170' title='bbox 272 2027 330 2068; x_wconf 85' lang='lat' dir='ltr'><strong>moa</strong></span> <span class='ocrx_word' id='word_1_171' title='bbox 353 2014 493 2068; x_wconf 84' lang='lat' dir='ltr'><strong>interdum</strong></span> <span class='ocrx_word' id='word_1_172' title='bbox 516 2014 726 2074; x_wconf 75' lang='lat' dir='ltr'><strong>hallucinatur,</strong></span> <span class='ocrx_word' id='word_1_173' title='bbox 746 2028 804 2068; x_wconf 82' lang='lat' dir='ltr'><strong>uon</strong></span> <span class='ocrx_word' id='word_1_174' title='bbox 822 2012 926 2068; x_wconf 83' lang='lat' dir='ltr'><strong>alicubi</strong></span> <span class='ocrx_word' id='word_1_175' title='bbox 942 2017 1067 2078; x_wconf 78' lang='lat' dir='ltr'><strong>oaeutit,</strong></span> <span class='ocrx_word' id='word_1_176' title='bbox 1084 2030 1144 2069; x_wconf 75' lang='lat' dir='ltr'><strong>mota</strong></span> 
     </span>
     <span class='ocr_line' id='line_1_22' title="bbox 139 2086 1144 2158; baseline -0.001 -14"><span class='ocrx_word' id='word_1_177' title='bbox 139 2089 304 2158; x_wconf 76' lang='lat' dir='ltr'><strong>quaudoque</strong></span> <span class='ocrx_word' id='word_1_178' title='bbox 316 2086 429 2140; x_wconf 83' lang='lat' dir='ltr'><strong>labitur.</strong></span> <span class='ocrx_word' id='word_1_179' title='bbox 442 2091 563 2140; x_wconf 79' lang='lat' dir='ltr'><strong>sanctus</strong></span> <span class='ocrx_word' id='word_1_180' title='bbox 578 2103 641 2141; x_wconf 81' lang='lat' dir='ltr'><strong>oeeo</strong></span> <span class='ocrx_word' id='word_1_181' title='bbox 652 2089 679 2140; x_wconf 85' lang='lat' dir='ltr'><strong>ia</strong></span> <span class='ocrx_word' id='word_1_182' title='bbox 688 2087 759 2155; x_wconf 80' lang='lat' dir='ltr'><strong>suit,</strong></span> <span class='ocrx_word' id='word_1_183' title='bbox 770 2087 819 2155; x_wconf 82' lang='lat' dir='ltr'><strong>qui</strong></span> <span class='ocrx_word' id='word_1_184' title='bbox 832 2087 947 2141; x_wconf 74' lang='lat' dir='ltr'><strong>medidit</strong></span> <span class='ocrx_word' id='word_1_185' title='bbox 959 2088 996 2140; x_wconf 87' lang='lat' dir='ltr'><strong>ob</strong></span> <span class='ocrx_word' id='word_1_186' title='bbox 1009 2088 1144 2143; x_wconf 60' lang='lat' dir='ltr'><strong>barem</strong></span> 
     </span>
     <span class='ocr_line' id='line_1_23' title="bbox 140 2158 1143 2231; baseline 0.003 -18"><span class='ocrx_word' id='word_1_187' title='bbox 140 2161 367 2231; x_wconf 77' lang='lat' dir='ltr'><strong>baptizotoaeaae</strong></span> <span class='ocrx_word' id='word_1_188' title='bbox 382 2158 607 2226; x_wconf 73' lang='lat' dir='ltr'><strong>&#39;rebaptizandos</strong></span> <span class='ocrx_word' id='word_1_189' title='bbox 625 2163 747 2213; x_wconf 82' lang='lat' dir='ltr'><strong>sanotae</strong></span> <span class='ocrx_word' id='word_1_190' title='bbox 765 2160 833 2227; x_wconf 73' lang='lat' dir='ltr'><strong>suit,</strong></span> <span class='ocrx_word' id='word_1_191' title='bbox 853 2160 903 2227; x_wconf 84' lang='lat' dir='ltr'><strong>pai</strong></span> <span class='ocrx_word' id='word_1_192' title='bbox 917 2160 950 2212; x_wconf 86' lang='lat' dir='ltr'><strong>iat</strong></span> <span class='ocrx_word' id='word_1_193' title='bbox 961 2160 1143 2216; x_wconf 73' lang='lat' dir='ltr'><strong>christi-eor·</strong></span> 
     </span>
     <span class='ocr_line' id='line_1_24' title="bbox 138 2231 1141 2302; baseline 0.002 -16"><span class='ocrx_word' id='word_1_194' title='bbox 138 2247 219 2300; x_wconf 84' lang='lat' dir='ltr'><strong>pore,</strong></span> <span class='ocrx_word' id='word_1_195' title='bbox 239 2237 385 2283; x_wconf 77' lang='lat' dir='ltr'><strong>etecusam</strong></span> <span class='ocrx_word' id='word_1_196' title='bbox 401 2245 503 2298; x_wconf 80' lang='lat' dir='ltr'><strong>pona,</strong></span> <span class='ocrx_word' id='word_1_197' title='bbox 518 2238 544 2283; x_wconf 87' lang='lat' dir='ltr'><strong>et</strong></span> <span class='ocrx_word' id='word_1_198' title='bbox 559 2231 683 2286; x_wconf 84' lang='lat' dir='ltr'><strong>dotorem</strong></span> <span class='ocrx_word' id='word_1_199' title='bbox 698 2232 783 2299; x_wconf 71' lang='lat' dir='ltr'><strong>faiam</strong></span> <span class='ocrx_word' id='word_1_200' title='bbox 799 2233 919 2300; x_wconf 83' lang='lat' dir='ltr'><strong>nepaoit.</strong></span> <span class='ocrx_word' id='word_1_201' title='bbox 931 2235 1052 2287; x_wconf 73' lang='lat' dir='ltr'><strong>Souotm</strong></span> <span class='ocrx_word' id='word_1_202' title='bbox 1068 2235 1141 2302; x_wconf 73' lang='lat' dir='ltr'><strong>suit,</strong></span> 
     </span>
     <span class='ocr_line' id='line_1_25' title="bbox 139 2299 1143 2374; baseline 0.003 -17"><span class='ocrx_word' id='word_1_203' title='bbox 139 2303 189 2374; x_wconf 78' lang='lat' dir='ltr'><strong>qai</strong></span> <span class='ocrx_word' id='word_1_204' title='bbox 200 2303 232 2355; x_wconf 85' lang='lat' dir='ltr'><strong>io</strong></span> <span class='ocrx_word' id='word_1_205' title='bbox 243 2299 443 2355; x_wconf 72' lang='lat' dir='ltr'><strong>chiliastarum</strong></span> <span class='ocrx_word' id='word_1_206' title='bbox 460 2303 561 2370; x_wconf 82' lang='lat' dir='ltr'><strong>dopma</strong></span> <span class='ocrx_word' id='word_1_207' title='bbox 575 2303 722 2357; x_wconf 74' lang='lat' dir='ltr'><strong>descendit,</strong></span> <span class='ocrx_word' id='word_1_208' title='bbox 739 2308 859 2358; x_wconf 73' lang='lat' dir='ltr'><strong>sanctae</strong></span> <span class='ocrx_word' id='word_1_209' title='bbox 868 2303 938 2371; x_wconf 80' lang='lat' dir='ltr'><strong>suit,</strong></span> <span class='ocrx_word' id='word_1_210' title='bbox 954 2305 1004 2373; x_wconf 76' lang='lat' dir='ltr'><strong>oui</strong></span> <span class='ocrx_word' id='word_1_211' title='bbox 1017 2305 1094 2366; x_wconf 84' lang='lat' dir='ltr'><strong>ciro,</strong></span> <span class='ocrx_word' id='word_1_212' title='bbox 1107 2307 1143 2360; x_wconf 87' lang='lat' dir='ltr'><strong>ob</strong></span> 
     </span>
     <span class='ocr_line' id='line_1_26' title="bbox 138 2371 1145 2448; baseline 0 -17"><span class='ocrx_word' id='word_1_213' title='bbox 138 2373 272 2448; x_wconf 84' lang='lat' dir='ltr'><strong>adulterii</strong></span> <span class='ocrx_word' id='word_1_214' title='bbox 298 2371 412 2441; x_wconf 86' lang='lat' dir='ltr'><strong>cuipam</strong></span> <span class='ocrx_word' id='word_1_215' title='bbox 438 2389 556 2429; x_wconf 77' lang='lat' dir='ltr'><strong>oaorem</strong></span> <span class='ocrx_word' id='word_1_216' title='bbox 580 2377 743 2443; x_wconf 73' lang='lat' dir='ltr'><strong>repudiasti</strong></span> <span class='ocrx_word' id='word_1_217' title='bbox 752 2412 760 2438; x_wconf 93' lang='lat'><strong>,</strong></span> <span class='ocrx_word' id='word_1_218' title='bbox 790 2375 910 2429; x_wconf 85' lang='lat' dir='ltr'><strong>atterum</strong></span> <span class='ocrx_word' id='word_1_219' title='bbox 931 2377 1145 2431; x_wconf 72' lang='lat' dir='ltr'><strong>Matrimonium</strong></span> 
     </span>
     <span class='ocr_line' id='line_1_27' title="bbox 140 2446 1144 2517; baseline 0 -14"><span class='ocrx_word' id='word_1_220' title='bbox 140 2446 283 2503; x_wconf 76' lang='lat' dir='ltr'><strong>coacessit·</strong></span> <span class='ocrx_word' id='word_1_221' title='bbox 296 2449 417 2500; x_wconf 73' lang='lat' dir='ltr'><strong>samalus</strong></span> <span class='ocrx_word' id='word_1_222' title='bbox 426 2446 499 2514; x_wconf 72' lang='lat' dir='ltr'><strong>snit,</strong></span> <span class='ocrx_word' id='word_1_223' title='bbox 512 2448 562 2516; x_wconf 83' lang='lat' dir='ltr'><strong>qui</strong></span> <span class='ocrx_word' id='word_1_224' title='bbox 576 2448 679 2501; x_wconf 83' lang='lat' dir='ltr'><strong>animia</strong></span> <span class='ocrx_word' id='word_1_225' title='bbox 694 2449 807 2517; x_wconf 81' lang='lat' dir='ltr'><strong>piorum</strong></span> <span class='ocrx_word' id='word_1_226' title='bbox 817 2461 904 2516; x_wconf 77' lang='lat' dir='ltr'><strong>unque</strong></span> <span class='ocrx_word' id='word_1_227' title='bbox 914 2448 1060 2515; x_wconf 70' lang='lat' dir='ltr'><strong>adiudicii</strong></span> <span class='ocrx_word' id='word_1_228' title='bbox 1071 2449 1144 2503; x_wconf 64' lang='lat' dir='ltr'><strong>mem</strong></span> 
     </span>
     <span class='ocr_line' id='line_1_28' title="bbox 138 2517 1144 2589; baseline 0.001 -14"><span class='ocrx_word' id='word_1_229' title='bbox 138 2534 233 2575; x_wconf 81' lang='lat' dir='ltr'><strong>ueram</strong></span> <span class='ocrx_word' id='word_1_230' title='bbox 247 2517 407 2587; x_wconf 72' lang='lat' dir='ltr'><strong>felicitatem</strong></span> <span class='ocrx_word' id='word_1_231' title='bbox 423 2519 534 2573; x_wconf 88' lang='lat' dir='ltr'><strong>ademit.</strong></span> <span class='ocrx_word' id='word_1_232' title='bbox 547 2523 669 2574; x_wconf 81' lang='lat' dir='ltr'><strong>sauctus</strong></span> <span class='ocrx_word' id='word_1_233' title='bbox 683 2522 755 2589; x_wconf 76' lang='lat' dir='ltr'><strong>suit,</strong></span> <span class='ocrx_word' id='word_1_234' title='bbox 767 2521 817 2588; x_wconf 77' lang='lat' dir='ltr'><strong>pai</strong></span> <span class='ocrx_word' id='word_1_235' title='bbox 832 2521 958 2574; x_wconf 83' lang='lat' dir='ltr'><strong>amimam</strong></span> <span class='ocrx_word' id='word_1_236' title='bbox 973 2519 1092 2573; x_wconf 77' lang='lat' dir='ltr'><strong>bominis</strong></span> <span class='ocrx_word' id='word_1_237' title='bbox 1105 2537 1144 2576; x_wconf 78' lang='lat' dir='ltr'><strong>ea</strong></span> 
     </span>
     <span class='ocr_line' id='line_1_29' title="bbox 139 2590 1143 2661; baseline -0.004 -13"><span class='ocrx_word' id='word_1_238' title='bbox 139 2593 254 2648; x_wconf 84' lang='lat' dir='ltr'><strong>traduce</strong></span> <span class='ocrx_word' id='word_1_239' title='bbox 270 2604 325 2645; x_wconf 77' lang='lat' dir='ltr'><strong>esse</strong></span> <span class='ocrx_word' id='word_1_240' title='bbox 337 2590 457 2658; x_wconf 85' lang='lat' dir='ltr'><strong>putavit.</strong></span> <span class='ocrx_word' id='word_1_241' title='bbox 469 2594 670 2661; x_wconf 67' lang='lat' dir='ltr'><strong>sanctissimi,</strong></span> <span class='ocrx_word' id='word_1_242' title='bbox 683 2595 732 2661; x_wconf 82' lang='lat' dir='ltr'><strong>qui</strong></span> <span class='ocrx_word' id='word_1_243' title='bbox 747 2593 871 2646; x_wconf 82' lang='lat' dir='ltr'><strong>animam</strong></span> <span class='ocrx_word' id='word_1_244' title='bbox 888 2593 953 2645; x_wconf 77' lang='lat' dir='ltr'><strong>Ado</strong></span> <span class='ocrx_word' id='word_1_245' title='bbox 964 2598 1030 2645; x_wconf 83' lang='lat' dir='ltr'><strong>aute</strong></span> <span class='ocrx_word' id='word_1_246' title='bbox 1040 2606 1143 2660; x_wconf 74' lang='lat' dir='ltr'><strong>eorpus</strong></span> 
     </span>
     <span class='ocr_line' id='line_1_30' title="bbox 137 2662 1144 2735; baseline 0 -17"><span class='ocrx_word' id='word_1_247' title='bbox 137 2665 223 2734; x_wconf 73' lang='lat' dir='ltr'><strong>[uim</strong></span> <span class='ocrx_word' id='word_1_248' title='bbox 239 2663 340 2718; x_wconf 88' lang='lat' dir='ltr'><strong>editam</strong></span> <span class='ocrx_word' id='word_1_249' title='bbox 352 2664 484 2733; x_wconf 80' lang='lat' dir='ltr'><strong>opimatus</strong></span> <span class='ocrx_word' id='word_1_250' title='bbox 495 2671 544 2718; x_wconf 84' lang='lat' dir='ltr'><strong>eat.</strong></span> <span class='ocrx_word' id='word_1_251' title='bbox 557 2666 654 2720; x_wconf 82' lang='lat' dir='ltr'><strong>sancti</strong></span> <span class='ocrx_word' id='word_1_252' title='bbox 667 2668 760 2735; x_wconf 70' lang='lat' dir='ltr'><strong>sume,</strong></span> <span class='ocrx_word' id='word_1_253' title='bbox 775 2665 824 2733; x_wconf 82' lang='lat' dir='ltr'><strong>pai</strong></span> <span class='ocrx_word' id='word_1_254' title='bbox 838 2663 957 2731; x_wconf 77' lang='lat' dir='ltr'><strong>Ampelon</strong></span> <span class='ocrx_word' id='word_1_255' title='bbox 971 2662 1066 2716; x_wconf 77' lang='lat' dir='ltr'><strong>moitis</strong></span> <span class='ocrx_word' id='word_1_256' title='bbox 1077 2672 1144 2719; x_wconf 82' lang='lat' dir='ltr'><strong>onte</strong></span> 
     </span>
     <span class='ocr_line' id='line_1_31' title="bbox 137 2736 1143 2804; baseline -0.002 -13"><span class='ocrx_word' id='word_1_257' title='bbox 137 2736 272 2791; x_wconf 84' lang='lat' dir='ltr'><strong>mundam</strong></span> <span class='ocrx_word' id='word_1_258' title='bbox 283 2750 446 2804; x_wconf 82' lang='lat' dir='ltr'><strong>corporeum</strong></span> <span class='ocrx_word' id='word_1_259' title='bbox 459 2736 663 2792; x_wconf 73' lang='lat' dir='ltr'><strong>aeternitatibus</strong></span> <span class='ocrx_word' id='word_1_260' title='bbox 677 2743 784 2791; x_wconf 83' lang='lat' dir='ltr'><strong>creatos</strong></span> <span class='ocrx_word' id='word_1_261' title='bbox 793 2749 850 2788; x_wconf 79' lang='lat' dir='ltr'><strong>eane</strong></span> <span class='ocrx_word' id='word_1_262' title='bbox 860 2736 1143 2799; x_wconf 81' lang='lat' dir='ltr'><strong>eaistimaruat.Quos</strong></span> 
     </span>
     <span class='ocr_line' id='line_1_32' title="bbox 138 2809 1143 2877; baseline -0.003 -15"><span class='ocrx_word' id='word_1_263' title='bbox 138 2811 161 2862; x_wconf 90' lang='lat' dir='ltr'><strong>sl</strong></span> <span class='ocrx_word' id='word_1_264' title='bbox 182 2816 321 2874; x_wconf 83' lang='lat' dir='ltr'><strong>propterea</strong></span> <span class='ocrx_word' id='word_1_265' title='bbox 341 2811 546 2871; x_wconf 74' lang='lat' dir='ltr'><strong>insectatione,</strong></span> <span class='ocrx_word' id='word_1_266' title='bbox 565 2812 690 2877; x_wconf 89' lang='lat' dir='ltr'><strong>nullaque</strong></span> <span class='ocrx_word' id='word_1_267' title='bbox 710 2810 855 2862; x_wconf 83' lang='lat' dir='ltr'><strong>reuerentia</strong></span> <span class='ocrx_word' id='word_1_268' title='bbox 878 2811 1067 2869; x_wconf 78' lang='lat' dir='ltr'><strong>tractabimus,</strong></span> <span class='ocrx_word' id='word_1_269' title='bbox 1087 2809 1143 2859; x_wconf 81' lang='lat' dir='ltr'><strong>bu·</strong></span> 
     </span>
     <span class='ocr_line' id='line_1_33' title="bbox 138 2880 1144 2948; baseline 0 -14"><span class='ocrx_word' id='word_1_270' title='bbox 138 2883 269 2943; x_wconf 86' lang='lat' dir='ltr'><strong>tlteranis,</strong></span> <span class='ocrx_word' id='word_1_271' title='bbox 288 2883 463 2939; x_wconf 75' lang='lat' dir='ltr'><strong>calvinianis,</strong></span> <span class='ocrx_word' id='word_1_272' title='bbox 481 2891 508 2935; x_wconf 89' lang='lat' dir='ltr'><strong>et</strong></span> <span class='ocrx_word' id='word_1_273' title='bbox 527 2885 629 2936; x_wconf 66' lang='lat' dir='ltr'><strong>amieria</strong></span> <span class='ocrx_word' id='word_1_274' title='bbox 649 2884 779 2948; x_wconf 81' lang='lat' dir='ltr'><strong>eiusmodi</strong></span> <span class='ocrx_word' id='word_1_275' title='bbox 799 2880 920 2946; x_wconf 82' lang='lat' dir='ltr'><strong>pestibus</strong></span> <span class='ocrx_word' id='word_1_276' title='bbox 934 2881 1076 2933; x_wconf 70' lang='lat' dir='ltr'><strong>mamam</strong></span> <span class='ocrx_word' id='word_1_277' title='bbox 1093 2882 1144 2934; x_wconf 76' lang='lat' dir='ltr'><strong>ltc-</strong></span> 
     </span>
    </p>
   </div>
   <div class='ocr_carea' id='block_1_6' title="bbox 83 2957 1170 3675">
    <p class='ocr_par' dir='ltr' id='par_1_6' title="bbox 137 2957 1141 3084">
     <span class='ocr_line' id='line_1_34' title="bbox 138 2957 1141 3026; baseline -0.003 -13"><span class='ocrx_word' id='word_1_278' title='bbox 138 2961 243 3013; x_wconf 86' lang='lat' dir='ltr'><strong>elesiam</strong></span> <span class='ocrx_word' id='word_1_279' title='bbox 273 2959 511 3024; x_wconf 85' lang='lat' dir='ltr'><strong>proscindendam,</strong></span> <span class='ocrx_word' id='word_1_280' title='bbox 541 2968 685 3026; x_wconf 85' lang='lat' dir='ltr'><strong>sanctaque</strong></span> <span class='ocrx_word' id='word_1_281' title='bbox 712 2961 800 3013; x_wconf 88' lang='lat' dir='ltr'><strong>omnia</strong></span> <span class='ocrx_word' id='word_1_282' title='bbox 828 2957 1003 3023; x_wconf 81' lang='lat' dir='ltr'><strong>proculcanda</strong></span> <span class='ocrx_word' id='word_1_283' title='bbox 1025 2957 1141 3020; x_wconf 86' lang='lat' dir='ltr'><strong>demus,</strong></span> 
     </span>
     <span class='ocr_line' id='line_1_35' title="bbox 137 3039 314 3084; baseline 0 -1"><span class='ocrx_word' id='word_1_284' title='bbox 137 3045 245 3084; x_wconf 82' lang='lat' dir='ltr'><strong>necessa</strong></span> <span class='ocrx_word' id='word_1_285' title='bbox 263 3039 314 3083; x_wconf 81' lang='lat' dir='ltr'><strong>est.</strong></span> 
     </span>
    </p>

    <p class='ocr_par' dir='ltr' id='par_1_7' title="bbox 83 3102 1170 3675">
     <span class='ocr_line' id='line_1_36' title="bbox 169 3102 1157 3169; baseline -0.001 -14"><span class='ocrx_word' id='word_1_286' title='bbox 169 3102 222 3156; x_wconf 82' lang='lat' dir='ltr'><strong>sed</strong></span> <span class='ocrx_word' id='word_1_287' title='bbox 239 3114 272 3154; x_wconf 82' lang='lat' dir='ltr'><strong>ex</strong></span> <span class='ocrx_word' id='word_1_288' title='bbox 286 3103 435 3155; x_wconf 77' lang='lat' dir='ltr'><strong>Christiano</strong></span> <span class='ocrx_word' id='word_1_289' title='bbox 452 3104 542 3169; x_wconf 81' lang='lat' dir='ltr'><strong>anpo,</strong></span> <span class='ocrx_word' id='word_1_290' title='bbox 554 3103 736 3169; x_wconf 71' lang='lat' dir='ltr'><strong>Augustiniaoi</strong></span> <span class='ocrx_word' id='word_1_291' title='bbox 750 3103 856 3158; x_wconf 82' lang='lat' dir='ltr'><strong>ordinis</strong></span> <span class='ocrx_word' id='word_1_292' title='bbox 873 3103 1001 3166; x_wconf 80' lang='lat' dir='ltr'><strong>scriptore</strong></span> <span class='ocrx_word' id='word_1_293' title='bbox 1017 3103 1157 3165; x_wconf 63' lang='lat' dir='ltr'><strong>cangio,-</strong></span> 
     </span>
     <span class='ocr_line' id='line_1_37' title="bbox 135 3173 1156 3241; baseline 0 -16"><span class='ocrx_word' id='word_1_294' title='bbox 135 3184 222 3239; x_wconf 84' lang='lat' dir='ltr'><strong>tteque</strong></span> <span class='ocrx_word' id='word_1_295' title='bbox 240 3175 418 3238; x_wconf 72' lang='lat' dir='ltr'><strong>cnsulstnrum</strong></span> <span class='ocrx_word' id='word_1_296' title='bbox 440 3177 664 3241; x_wconf 78' lang='lat' dir='ltr'><strong>vituperatoribus</strong></span> <span class='ocrx_word' id='word_1_297' title='bbox 686 3176 827 3229; x_wconf 87' lang='lat' dir='ltr'><strong>admodum</strong></span> <span class='ocrx_word' id='word_1_298' title='bbox 847 3182 983 3239; x_wconf 87' lang='lat' dir='ltr'><strong>suspecto,</strong></span> <span class='ocrx_word' id='word_1_299' title='bbox 1006 3173 1092 3236; x_wconf 82' lang='lat' dir='ltr'><strong>aliqua</strong></span> <span class='ocrx_word' id='word_1_300' title='bbox 1111 3175 1156 3225; x_wconf 55' lang='lat' dir='ltr'><strong>ia*</strong></span> 
     </span>
     <span class='ocr_line' id='line_1_38' title="bbox 134 3243 1142 3310; baseline -0.002 -11"><span class='ocrx_word' id='word_1_301' title='bbox 134 3246 244 3299; x_wconf 85' lang='lat' dir='ltr'><strong>eandem</strong></span> <span class='ocrx_word' id='word_1_302' title='bbox 264 3246 327 3297; x_wconf 84' lang='lat' dir='ltr'><strong>Cani</strong></span> <span class='ocrx_word' id='word_1_303' title='bbox 347 3255 460 3298; x_wconf 87' lang='lat' dir='ltr'><strong>mentem</strong></span> <span class='ocrx_word' id='word_1_304' title='bbox 479 3257 692 3303; x_wconf 85' lang='lat' dir='ltr'><strong>commentemur.</strong></span> <span class='ocrx_word' id='word_1_305' title='bbox 705 3250 734 3299; x_wconf 91' lang='lat' dir='ltr'><strong>ln</strong></span> <span class='ocrx_word' id='word_1_306' title='bbox 751 3246 937 3299; x_wconf 76' lang='lat' dir='ltr'><strong>dissertatione</strong></span> <span class='ocrx_word' id='word_1_307' title='bbox 953 3245 987 3296; x_wconf 85' lang='lat' dir='ltr'><strong>de</strong></span> <span class='ocrx_word' id='word_1_308' title='bbox 1001 3243 1142 3310; x_wconf 73' lang='lat' dir='ltr'><strong>opinions</strong></span> 
     </span>
     <span class='ocr_line' id='line_1_39' title="bbox 132 3313 1142 3385; baseline -0.002 -17"><span class='ocrx_word' id='word_1_309' title='bbox 132 3313 273 3385; x_wconf 74' lang='lat' dir='ltr'><strong>probabili</strong></span> <span class='ocrx_word' id='word_1_310' title='bbox 288 3330 350 3384; x_wconf 85' lang='lat' dir='ltr'><strong>cap.</strong></span> <span class='ocrx_word' id='word_1_311' title='bbox 369 3318 661 3383; x_wconf 55' lang='lat' dir='ltr'><strong>recumbentibus</strong></span> <span class='ocrx_word' id='word_1_312' title='bbox 681 3320 785 3383; x_wconf 87' lang='lat' dir='ltr'><strong>Lupus,</strong></span> <span class='ocrx_word' id='word_1_313' title='bbox 806 3330 847 3370; x_wconf 82' lang='lat' dir='ltr'><strong>ott</strong></span> <span class='ocrx_word' id='word_1_314' title='bbox 867 3328 962 3370; x_wconf 76' lang='lat' dir='ltr'><strong>omnes</strong></span> <span class='ocrx_word' id='word_1_315' title='bbox 977 3318 1142 3368; x_wconf 71' lang='lat' dir='ltr'><strong>sanatorum</strong></span> 
     </span>
     <span class='ocr_line' id='line_1_40' title="bbox 83 3386 1170 3459; baseline -0.005 -18"><span class='ocrx_word' id='word_1_316' title='bbox 83 3425 88 3432; x_wconf 78' lang='lat'><em>-</em></span> <span class='ocrx_word' id='word_1_317' title='bbox 133 3388 1139 3459; x_wconf 69' lang='lat' dir='ltr'><strong>Petrumsententiosiatoereprobobitea?Respondetautemquasuonl</strong></span> <span class='ocrx_word' id='word_1_318' title='bbox 1167 3386 1170 3391; x_wconf 87' lang='grc'><strong><em>’</em></strong></span> 
     </span>
     <span class='ocr_line' id='line_1_41' title="bbox 133 3457 1139 3529; baseline 0.001 -21"><span class='ocrx_word' id='word_1_319' title='bbox 133 3457 269 3522; x_wconf 78' lang='lat' dir='ltr'><strong>nepetino.</strong></span> <span class='ocrx_word' id='word_1_320' title='bbox 281 3459 354 3520; x_wconf 83' lang='lat' dir='ltr'><strong>Quod</strong></span> <span class='ocrx_word' id='word_1_321' title='bbox 369 3473 524 3523; x_wconf 88' lang='lat' dir='ltr'><strong>responsum</strong></span> <span class='ocrx_word' id='word_1_322' title='bbox 538 3476 614 3514; x_wconf 89' lang='lat' dir='ltr'><strong>suum</strong></span> <span class='ocrx_word' id='word_1_323' title='bbox 627 3472 658 3514; x_wconf 90' lang='lat' dir='ltr'><strong>ut</strong></span> <span class='ocrx_word' id='word_1_324' title='bbox 669 3466 779 3527; x_wconf 85' lang='lat' dir='ltr'><strong>probet,</strong></span> <span class='ocrx_word' id='word_1_325' title='bbox 792 3477 850 3514; x_wconf 88' lang='lat' dir='ltr'><strong>cum</strong></span> <span class='ocrx_word' id='word_1_326' title='bbox 864 3464 942 3522; x_wconf 87' lang='lat' dir='ltr'><strong>alias,</strong></span> <span class='ocrx_word' id='word_1_327' title='bbox 952 3468 979 3512; x_wconf 85' lang='lat' dir='ltr'><strong>et</strong></span> <span class='ocrx_word' id='word_1_328' title='bbox 990 3460 1139 3529; x_wconf 71' lang='lat' dir='ltr'><strong>Hieronymi</strong></span> 
     </span>
     <span class='ocr_line' id='line_1_42' title="bbox 133 3529 1140 3587; baseline 0.004 -11"><span class='ocrx_word' id='word_1_329' title='bbox 133 3529 296 3587; x_wconf 55' lang='lat' dir='ltr'><strong>prasertim,</strong></span> <span class='ocrx_word' id='word_1_330' title='bbox 314 3537 369 3578; x_wconf 86' lang='lat' dir='ltr'><strong>tunt</strong></span> <span class='ocrx_word' id='word_1_331' title='bbox 390 3532 437 3580; x_wconf 88' lang='lat' dir='ltr'><strong>bns</strong></span> <span class='ocrx_word' id='word_1_332' title='bbox 452 3534 481 3581; x_wconf 90' lang='lat' dir='ltr'><strong>in</strong></span> <span class='ocrx_word' id='word_1_333' title='bbox 505 3534 621 3584; x_wconf 88' lang='lat' dir='ltr'><strong>medium</strong></span> <span class='ocrx_word' id='word_1_334' title='bbox 641 3535 717 3585; x_wconf 83' lang='lat' dir='ltr'><strong>atteri</strong></span> <span class='ocrx_word' id='word_1_335' title='bbox 737 3543 855 3586; x_wconf 81' lang='lat' dir='ltr'><strong>veterum</strong></span> <span class='ocrx_word' id='word_1_336' title='bbox 873 3533 1025 3586; x_wconf 88' lang='lat' dir='ltr'><strong>sententias.</strong></span> <span class='ocrx_word' id='word_1_337' title='bbox 1046 3529 1140 3580; x_wconf 77' lang='lat' dir='ltr'><strong>Reddo</strong></span> 
     </span>
     <span class='ocr_line' id='line_1_43' title="bbox 133 3595 1141 3675; baseline 0.009 -31"><span class='ocrx_word' id='word_1_338' title='bbox 133 3595 200 3660; x_wconf 73' lang='lat' dir='ltr'><strong>nupt</strong></span> <span class='ocrx_word' id='word_1_339' title='bbox 212 3598 290 3649; x_wconf 85' lang='lat' dir='ltr'><strong>rerba</strong></span> <span class='ocrx_word' id='word_1_340' title='bbox 304 3612 312 3646; x_wconf 69' lang='grc' dir='ltr'><em>τ</em></span> <span class='ocrx_word' id='word_1_341' title='bbox 325 3599 509 3655; x_wconf 80' lang='lat' dir='ltr'><strong>Paradoaam</strong></span> <span class='ocrx_word' id='word_1_342' title='bbox 527 3605 715 3670; x_wconf 77' lang='lat' dir='ltr'><strong>quorumdam</strong></span> <span class='ocrx_word' id='word_1_343' title='bbox 730 3619 782 3664; x_wconf 81' lang='lat' dir='ltr'><strong>atto</strong></span> <span class='ocrx_word' id='word_1_344' title='bbox 799 3612 921 3675; x_wconf 78' lang='lat' dir='ltr'><strong>tempore</strong></span> <span class='ocrx_word' id='word_1_345' title='bbox 938 3602 1141 3672; x_wconf 71' lang='lat' dir='ltr'><strong>cpiscoporum</strong></span> 
     </span>
    </p>
   </div>
   <div class='ocr_carea' id='block_1_7' title="bbox 0 0 1314 4192">
    <p class='ocr_par' dir='ltr' id='par_1_8' title="bbox 0 0 1314 4192">
     <span class='ocr_line' id='line_1_44' title="bbox 0 0 1314 4192; baseline 0 3"><span class='ocrx_word' id='word_1_346' title='bbox 0 0 1314 4192; x_wconf 95' lang='lat' dir='ltr'><strong> </strong></span> 
     </span>
    </p>
   </div>
  </div>
 </body>
</html>
