2617 4192
464 254 537 307 Pons
554 252 604 307 m.
618 250 806 322 Apoloprlieu.
1070 265 1136 309 extr

125 363 139 395 s
157 341 282 411 proponit
300 355 307 392 s
328 341 425 395 Uirum
444 346 561 403 nocent,
582 347 722 410 quantum
741 343 854 404 noceat,
870 351 911 394 un
929 340 1042 397 omnimo
1060 342 1134 396 niiii

123 434 136 465 s
156 418 271 476 noceat,
287 412 313 465 si
326 412 388 481 puis
403 411 566 480 baptisatur
576 413 609 467 in
622 414 734 468 nomine
750 421 854 468 suntin
871 412 1033 476 Trinitatis,
1050 428 1131 469 sucro

124 506 136 536 s
157 486 234 548 eino,
251 489 375 553 potuque
391 484 557 552 fraudetur,
580 499 673 551 nempe
692 488 787 539 curisti
806 500 919 552 corpus,
935 495 962 539 et
978 489 1130 551 sauguinem

124 578 136 609 ι
156 571 263 612 sumere
273 566 357 611 morte
367 564 513 621 preventus
523 571 576 610 non
590 558 696 621 possiti
711 559 775 621 Quis
786 558 863 612 modo
873 566 926 611 nou
937 559 1042 611 omnino
1054 559 1128 612 rudis

124 650 135 678 s
157 640 211 683 tam
230 630 320 682 faciles
338 630 494 694 quaestiones
510 630 628 683 moreat?
647 631 681 682 lit
699 638 785 685 tanuen
803 633 856 683 haec
874 640 950 684 crant
967 632 1046 696 olins,
1066 646 1126 685 eum

123 723 135 753 a
154 704 280 757 &sulum
293 703 408 754 nondum
423 704 596 767 scripserant,
609 704 768 768 interrogata
780 705 929 756 Doctorum.

157 792 169 822 s
188 775 236 827 ilic
249 775 346 827 similia
361 773 468 826 luerunt
480 787 511 827 ea
524 775 558 827 du
574 775 671 840 qulbus
688 775 714 826 S.
729 775 881 839 Gregoriuuu
894 790 927 828 ex
936 776 1028 840 Augila
1038 776 1122 830 iuter·

124 866 134 895 s
153 848 255 911 rogarit
271 846 477 910 &Augustinus
496 847 569 899 illius
588 848 662 912 regui
682 847 836 912 Apostolus,
857 861 915 913 qute
933 850 1053 915 quamvls
1072 863 1126 901 non

122 937 133 969 a
154 919 262 971 omnino
272 919 422 983 pertineant
432 919 467 971 ad
477 918 637 983 Baptismurn
649 918 701 980 ‚de
716 920 791 984 cujus
807 921 1032 974 administratione
1047 921 1127 974 ruodo

122 1008 133 1039 s
152 991 270 1056 agimus,
286 990 369 1041 diuidi
387 997 475 1044 umen
492 1004 546 1043 non
562 991 667 1043 donem.
680 993 794 1044 Fuerunt
804 1000 892 1044 autom
905 994 958 1045 hec
976 994 1044 1046 iuter
1061 997 1123 1049 alla.

6 1094 8 1119 ‚
118 1067 165 1115 An
183 1060 283 1114 Clerici
299 1060 441 1115 continere
457 1075 516 1114 non
534 1060 657 1114 unientes
673 1067 786 1130 possent
808 1063 992 1116 contrairem?
1007 1067 1051 1116 An
1069 1066 1125 1120 dun

119 1134 248 1203 pmmuni
261 1134 365 1200 [ratres
374 1139 489 1201 possent
508 1134 580 1187 riuus
595 1148 705 1188 sorores
720 1134 864 1201 occipere?
882 1138 955 1200 Quot
971 1141 1060 1191 essent
1075 1152 1125 1192 uc·

119 1206 235 1263 nestorii
252 1204 382 1273 Episcopi
402 1205 434 1258 in
455 1205 587 1274 Episcopi
606 1207 838 1261 consecratione?
859 1209 955 1261 Utrum
974 1222 1126 1278 proepnuns

118 1279 220 1335 mulier
234 1279 330 1334 decem
345 1279 499 1346 baptisari,
518 1284 570 1332 uui
580 1285 730 1348 postquam
748 1280 887 1347 penuerii,
904 1287 968 1348 posi
987 1287 1125 1348 quonium

119 1359 228 1421 tempus
246 1351 335 1421 possit
353 1351 504 1406 Ecclesium
521 1351 647 1412 intrare,
670 1357 721 1405 out
740 1353 837 1415 etium,
858 1365 893 1405 ne
912 1357 1001 1406 morte
1015 1368 1124 1421 preoc-

118 1429 236 1493 cupetur
244 1424 320 1492 puori
329 1423 468 1492 posuerit.
477 1429 543 1492 post
555 1429 622 1491 punt
635 1423 692 1478 tiics
704 1424 755 1478 iios
767 1423 848 1478 licent
858 1424 934 1478 sueri
943 1425 1124 1493 Baptismntis

117 1502 301 1551 Sacramenta
310 1495 466 1565 percipere?
475 1499 519 1548 An
530 1502 595 1564 post
611 1501 748 1563 puuntum
766 1497 897 1564 temporis
911 1496 974 1549 ituie
985 1497 1028 1550 uir
1037 1497 1125 1566 possit

117 1570 150 1623 ist
168 1569 264 1625 curnis
278 1568 456 1637 copulatione
473 1568 631 1636 coniunpi?
651 1574 706 1621 Aut
724 1569 750 1622 si
764 1573 909 1622 menstruo
928 1570 1126 1624 consuetudine

6 1666 7 1691 ;
117 1646 243 1700 tenetur,
258 1655 298 1694 un
313 1640 465 1696 Ecclesium
478 1640 598 1693 introire
610 1640 636 1694 ei
649 1638 749 1702 liceat,
762 1646 812 1694 unt
823 1653 910 1693 suern
924 1642 1125 1694 communionis

6 1722 7 1769 ζ
115 1716 331 1768 Sacramentum
344 1711 507 1782 percipere?
518 1715 562 1765 An
576 1711 621 1765 uir
636 1727 694 1766 sue
711 1713 826 1781 conjupi
841 1713 1005 1765 commistus
1018 1713 1123 1779 possit.

6 1786 8 1849 ᾗ
115 1790 270 1853 ιυιιεᾳιιαηι
283 1783 392 1841 iuuetur
405 1799 499 1853 apuu,
518 1782 672 1839 Ecclesium
686 1785 796 1839 intrare
811 1784 853 1838 uei
869 1784 952 1836 etium
969 1784 1006 1836 ori
1021 1792 1124 1851 mpste-

115 1855 194 1911 sium
210 1869 299 1910 sueres
313 1856 513 1909 communionis
530 1856 679 1911 secedere?
689 1861 733 1910 An
742 1861 807 1926 posi
818 1855 992 1915 illusionem.
1005 1869 1065 1922 pue
1075 1870 1126 1923 per

115 1927 260 1982 somnium
275 1924 343 1979 soiet
360 1927 496 1988 neewerc.
509 1942 610 1996 eorpus
624 1928 737 1981 Domini
751 1926 864 1995 quilibet
875 1926 998 1994 accipere
1014 1925 1123 1988 ualent,

115 1998 165 2054 uei
175 1997 345 2052 &Sacerdos
354 1998 390 2051 sii
403 2013 487 2052 sumu
497 2000 630 2069 eupaterio
649 2000 806 2054 ceieirurci
820 2020 833 2048 ι
848 2001 906 2052 lien
916 2013 963 2064 per
976 2012 1004 2051 se
1021 2000 1123 2052 solvero

120 2072 246 2137 »nequit
267 2072 428 2141 Augustinus
453 2075 551 2125 eiectus
575 2085 609 2126 es
632 2074 753 2138 pluribus
779 2073 897 2125 millibus
920 2071 1121 2135 Menaenorum,

118 2161 133 2194 s
154 2152 184 2196 ut
204 2150 275 2198 esset
298 2145 412 2209 gentium
431 2146 574 2210 Apostolus
597 2160 627 2198 ac
646 2148 759 2211 noctur,
778 2148 877 2212 diuque
891 2145 979 2197 Romae
1000 2140 1122 2199 adhunc

6 2184 7 2203 ³
117 2232 132 2264 a
151 2215 229 2268 ssnem
239 2218 371 2279 eruditus,
381 2230 439 2282 qun
449 2217 530 2269 modo
540 2218 668 2270 beneflcio
680 2220 857 2272 casuistarum
870 2219 912 2270 uix
925 2220 994 2270 ullus
1007 2219 1119 2283 ignorat.

153 2288 274 2342 »Eidem
293 2288 320 2340 S.
335 2290 461 2354 Gregorio
480 2291 551 2341 risus
570 2298 612 2342 est
630 2293 800 2356 questionem
818 2292 894 2344 valde
911 2290 1042 2344 difficilem
1058 2303 1120 2356 pro·

118 2378 133 2411 s
150 2374 248 2426 ponere
263 2361 425 2414 &teudinus
441 2363 511 2414 cirea
528 2372 664 2426 peccatum
682 2365 810 2429 originale
832 2377 989 2429 puerorum,
1001 2364 1046 2429 qui
1061 2364 1121 2415 sino

119 2450 133 2483 s
152 2436 282 2499 Baptismu
301 2436 465 2495 moriuntur,
482 2435 592 2498 petitam
616 2449 650 2488 ex
670 2438 771 2502 origiue
787 2438 895 2500 animae,
912 2448 986 2501 que,
1006 2448 1064 2486 cuns
1084 2437 1121 2487 sit

118 2523 132 2555 s
150 2507 229 2560 olleo
239 2543 248 2570 ‚
259 2521 312 2560 nou
330 2509 434 2559 uidetur
453 2520 531 2570 posse
548 2509 701 2559 contrahere
719 2510 821 2572 eulpam
836 2522 868 2560 ex
884 2510 980 2559 unione
991 2519 1048 2558 cun
1060 2519 1121 2557 cor·

118 2596 132 2627 s
150 2592 228 2644 pore,
239 2579 282 2639 cul
297 2580 327 2631 in
342 2581 410 2632 maio
423 2592 475 2630 non
492 2580 630 2631 consentit.
642 2580 723 2642 Quam
736 2581 843 2645 quidem
858 2580 1027 2644 qrraestionem
1043 2578 1122 2630 soluit

119 2669 133 2699 s
150 2652 301 2705 doctissime
317 2652 345 2705 S.
357 2652 496 2713 Pontifex,
508 2652 556 2703 sed
571 2652 640 2703 circa
657 2652 784 2715 originem
801 2654 893 2704 animae
910 2652 975 2703 dicit
989 2663 1020 2702 ea
1031 2648 1120 2715 Epist.

114 2726 159 2776 55.
177 2722 225 2778 lio.
244 2726 271 2777 ⁷.
289 2723 428 2790 liepistri,
447 2727 507 2777 Tuo
525 2722 651 2777 cirritos
670 2722 742 2776 reiut
760 2723 828 2791 puio
846 2724 879 2776 de
899 2720 1006 2790 omuino
1021 2720 1122 2774 animo

115 2796 311 2850 intersonctos
321 2799 421 2850 Patres
433 2794 576 2862 requisitio
588 2807 646 2847 non
657 2808 750 2863 puceu
764 2799 876 2848 uersuta
891 2797 949 2853 esi,
963 2791 1010 2845 seri
1024 2795 1121 2846 uirum

113 2866 181 2935 ipsu
200 2867 237 2921 ui
255 2867 344 2921 Atium
367 2865 555 2929 descenderit,
575 2878 615 2918 un
631 2870 704 2920 certe
719 2865 839 2934 sinpniis
860 2864 961 2926 detur,
982 2863 1121 2918 incertum

114 2937 261 2993 remansit.
280 2942 309 2992 id
327 2940 406 2992 modo
425 2953 477 2990 non
501 2947 607 2991 uocatur
618 2939 645 2990 iu
658 2939 861 3011 controuersiam
872 2936 940 3009 apud
952 2944 1056 2989 nostros
1067 2936 1120 2990 lio·

114 3019 220 3074 olores,
234 3020 263 3064 et
277 3011 404 3065 beneflcio
414 3011 564 3076 Theoloplae
582 3011 659 3063 facile
677 3011 847 3076 intelligitur,
862 3017 891 3063 et
901 3008 1054 3073 explicatur.

151 3099 162 3131 s
180 3084 262 3136 Annis
277 3091 338 3147 post
353 3084 507 3149 Gregorium
526 3083 647 3135 ducentis
663 3095 742 3146 supra
762 3082 950 3148 quinquaginta
966 3091 1120 3146 responsum

117 3173 129 3202 s
148 3156 267 3223 {irrigaris
286 3155 351 3218 luit,
371 3155 499 3220 quosdam
520 3166 554 3206 es
575 3157 642 3219 ipsis
663 3152 798 3205 habendos
817 3161 940 3217 tanquam
959 3153 1011 3205 rite
1030 3153 1119 3215 bapti-

118 3245 128 3273 ι
147 3235 238 3289 ratos,
256 3225 327 3281 siin
345 3226 456 3280 nomine
472 3231 575 3279 sanctu
587 3224 750 3287 immistis,
770 3223 814 3278 oei
829 3229 940 3277 tuntum
955 3223 987 3277 in
1007 3222 1120 3278 nomine

117 3296 254 3351 »chricti
277 3298 383 3351 inerant
405 3299 539 3363 baptisati.
565 3298 628 3350 Post
654 3311 738 3351 anuos
762 3304 893 3352 trecentos
921 3299 948 3350 S.
973 3297 1119 3366 Bernartius

114 3391 125 3420 ι
146 3369 306 3437 Episiliio.
316 3385 368 3424 uon
383 3380 425 3424 est
440 3384 520 3423 ausas
535 3370 624 3423 dicere
638 3371 781 3423 invalidum
795 3385 854 3425 esse
865 3371 1118 3436 Baptismnrnpusro
1186 3430 1190 3441 Ι

117 3462 128 3493 ι
147 3443 271 3496 collatum
287 3443 399 3495 subhac
417 3443 499 3495 iorrua
516 3456 523 3492 r
543 3442 650 3508 Baptiao
671 3451 696 3495 te
714 3445 741 3494 in
758 3446 865 3497 nomine
881 3445 945 3505 lici,
964 3450 993 3495 et
1005 3447 1117 3504 unctae,

6 3570 7 3573 Ἴ
116 3533 128 3564 s
147 3522 176 3572 et
197 3526 263 3566 rerae
279 3514 395 3566 crucis:
416 3525 528 3579 cumque
547 3515 576 3566 in
599 3514 710 3567 ltioecesi
734 3515 941 3568 ctaromontensi
963 3513 1070 3579 quidam
1089 3514 1118 3565 in

117 3586 233 3645 siorrua
253 3585 379 3650 Baptisml
404 3586 581 3649 relinquerant
604 3584 671 3636 illud
696 3586 803 3637 uerbum
823 3587 964 3655 Raptim,
987 3585 1118 3637 duhimrit

119 3673 130 3705 s
150 3656 307 3721 Episcopus,
323 3670 356 3710 ao
372 3659 397 3737 is
413 3656 560 3720 Baptismus
575 3655 690 3719 ualeret,
706 3663 737 3710 ut
754 3666 863 3724 apparet
877 3673 912 3713 cs
923 3659 983 3779 eius
997 3653 1114 3733 lipistai.
