2617 4192
162 230 215 299 {2⁶
416 224 520 295 titt.
539 225 636 289 Iract.
651 184 954 287 tintinniacum(-

176 333 356 414 propropter
365 326 497 407 opposito
511 333 644 393 censemur
668 325 716 389 vel
734 325 883 397 tenuiter,
902 324 949 386 vel
967 321 1056 388 debit
1074 325 1186 405 proba·

176 415 245 481 bilis
256 434 265 491 ς
278 413 334 477 lnlo
351 421 451 475 autern
477 411 617 489 opimone
631 426 749 487 semper
764 406 844 469 liciti
858 408 992 481 numus,
1017 418 1053 470 ut
1071 420 1186 473 constat

175 521 213 565 ex
232 497 502 579 propossdamnate
523 496 561 557 ab
580 492 750 556 limando-o
766 495 853 556 VIII.
872 511 941 572 quae
961 494 1096 555 dicebat:
1113 498 1184 558 Nou

174 584 240 650 litet
248 582 331 664 acqui
339 581 506 664 opinionem
516 577 562 640 vel
568 579 647 639 inter
653 574 816 659 probabiles
823 574 1100 658 pmattmoimam.
1111 581 1184 658 Opi·
1267 639 1271 645 ,

175 668 227 731 nio
238 666 299 726 aire
310 665 453 727 sententia
465 664 615 727 moraliter
626 671 706 723 certa
717 670 778 733 est,
791 680 857 739 qum
867 679 986 722 omnem
1006 664 1184 740 prudentem

173 749 364 816 formidinem
380 749 512 813 labimus
527 747 676 817 excludit,
695 748 736 806 ita
747 755 781 806 ut
795 746 927 824 opposita
947 756 1101 825 reputetur
1117 766 1184 809 om·

174 830 248 899 cino
265 832 475 913 improbabilis.
495 832 602 910 Opinio
614 828 736 891 demum
759 839 822 891 tuta
844 837 903 902 ost,
928 848 994 907 quae
1013 831 1125 890 recedit
1144 832 1183 891 ab

175 919 258 979 omni
271 916 409 996 peccandi
422 916 565 995 periculo.
585 916 689 977 Tutior
702 913 795 984 verb,
811 931 877 990 qun
894 915 985 991 magis
1001 913 1018 974 b
1033 916 1085 974 tali
1102 917 1178 993 peri·

173 1004 243 1067 culo
259 1002 387 1073 recedit,
401 1002 515 1065 tametsi
526 1000 689 1061 rationibus
701 998 882 1059 firmioribus
895 1017 955 1059 non
968 1001 1092 1060 nitatur.

224 1090 275 1149 ll.
291 1120 331 1135 -
347 1084 461 1146 Deinde
484 1084 716 1155 advertendum,
742 1083 828 1142 aliam
859 1100 920 1143 esse
945 1084 1182 1162 probabilitatem

174 1172 263 1243 lacti,
289 1171 376 1231 aliam
396 1169 483 1247 juris.
510 1167 704 1228 Probabilitas
719 1165 794 1246 sacti
808 1174 931 1243 estque
950 1176 1084 1228 versatur
1105 1171 1181 1232 eirca

171 1250 218 1310 rei
231 1250 384 1309 veritatem
396 1289 404 1317 ‚
418 1246 479 1305 sive
493 1244 535 1303 rei
559 1244 772 1313 substantiam,
786 1260 891 1320 nempe
911 1262 949 1302 an
967 1256 1181 1314 sacramentum

174 1351 242 1393 cum
256 1333 306 1392 tali
319 1328 439 1392 matoria
454 1328 609 1397 collatum,
622 1327 660 1387 sit
673 1327 803 1385 validum
816 1369 824 1395 ‚
838 1335 889 1386 aut
902 1328 1018 1389 nullum
1036 1350 1044 1388 ε
1058 1349 1095 1389 an
1110 1349 1182 1391 con·

131 1478 134 1485 ,
174 1423 283 1475 tractus
295 1433 362 1474 cum
373 1414 424 1475 uti
436 1421 519 1492 pacto
546 1411 635 1470 iuitus
648 1455 657 1482 ,
670 1410 709 1469 sit
724 1411 892 1482 usurarius,
906 1413 953 1472 vel
974 1431 1023 1472 ne.
1041 1414 1183 1475 Probabi-

173 1498 240 1558 litas
261 1508 359 1558 autem
375 1497 458 1578 jurio
472 1503 604 1554 versatur
617 1494 692 1554 circa
714 1493 895 1554 honestatem
912 1498 1049 1569 actionis,
1068 1498 1180 1572 idest,

174 1599 212 1642 nn
224 1583 310 1643 licent
329 1589 548 1655 sacramentum·
566 1597 634 1639 cum
657 1579 709 1638 tali
731 1579 854 1649 materia
872 1581 1027 1641 conterre:
1051 1598 1090 1641 an
1107 1600 1180 1643 con·

77 1663 83 1673 ’
175 1673 302 1727 tractum
321 1685 388 1727 oum
400 1666 451 1727 tali
463 1673 546 1743 pacto
566 1664 641 1723 iuirc
654 1663 707 1742 (l).

211 1752 261 1812 ll.
272 1753 373 1812 —Iiis
387 1751 505 1829 positis,
518 1749 642 1813 dicimus
664 1765 827 1826 numquam
839 1767 901 1809 esse
921 1750 1033 1811 licitum
1051 1753 1095 1812 uti
1116 1756 1182 1833 opi-

175 1837 264 1898 nione
277 1836 421 1916 probabili
441 1833 644 1913 probabilitate
656 1832 730 1912 sacti
750 1851 818 1895 oum
834 1836 963 1912 periculo
980 1836 1080 1896 damni
1108 1840 1193 1900 alte·

173 1922 257 1993 rius,
290 1929 342 1980 aut
369 1919 525 1998 suiipsius3
556 1918 625 1995 quia
654 1916 1033 1998 hujusmodiprobabilitas
1058 1921 1182 1985 minimi

173 2005 269 2065 aufert
284 2004 447 2083 periculum
470 2002 569 2060 damni
582 2023 591 2077 ς
604 2003 629 2060 si
652 2003 732 2063 euim
751 2003 852 2081 opinio
877 2002 926 2062 illa
944 2012 988 2063 est
1011 2003 1099 2077 salsa,
1119 2011 1181 2067 non

173 2088 331 2147 evitabitur
342 2085 490 2165 proximi,
508 2092 559 2143 aut
572 2086 719 2163 operantis
738 2086 899 2162 damnum3
923 2088 1029 2147 namsi
1054 2090 1180 2167 exempli

172 2171 266 2246 giutid
279 2171 440 2248 baptismus
451 2186 519 2229 cum
534 2167 624 2227 salira
640 2168 761 2230 collatus
777 2169 878 2230 reveri
894 2178 938 2229 est
955 2173 1071 2241 nullus,
1087 2174 1127 2231 ita
1146 2181 1181 2233 ut

174 2254 268 2313 iulans
283 2255 347 2314 aine
357 2253 502 2330 baptismo
513 2262 679 2324 remancat,
694 2254 881 2331 probabilitas
894 2255 927 2315 In
939 2258 1106 2334 oppositum
1119 2275 1179 2329 non

160 2345 269 2415 potest
282 2337 384 2414 utique
399 2334 533 2405 efficere,
548 2344 582 2394 ut
599 2337 637 2396 sit
648 2338 771 2396 validus.

172 2499 218 2563 bac
227 2518 309 2565 magna
317 2506 399 2554 ilornli
409 2507 452 2570 ipoi
464 2511 555 2557 tantdm
565 2509 692 2571 probabilis
701 2515 749 2566 est,
760 2510 940 2574 cumopinionea
949 2516 1029 2578 partlm
1037 2515 1180 2577 probabilio-

172 2581 211 2616 re·
220 2571 371 2617 essentialiter
380 2587 426 2618 non
436 2574 531 2621 diveraae
540 2575 606 2622 aiutl
617 2580 680 2623 mere
689 2577 856 2636 probabilibuo.

201 2634 330 2682 Relationet
342 2638 492 2697 oppositionIo
508 2640 624 2697 variarum
639 2641 807 2688 sententiarum
820 2638 975 2702 probabilium
991 2643 1061 2702 iuxta
1076 2649 1178 2692 mentem

171 2700 276 2745 auctorit
285 2701 321 2748 be
330 2708 402 2748 eunte
749 2728 752 2733 <
848 2734 850 2743 1
963 2708 969 2717 “

204 2795 321 2843 Probabili
332 2799 511 2847 contradictorio
523 2801 649 2862 opponitur
659 2799 797 2863 probabitis,
807 2799 876 2847 raldo
884 2803 1021 2863 prolubium

202 2861 354 2909 ProbabiIIori
368 2866 409 2922 (tc.
425 2868 518 2926 partim)
588 2885 600 2909 ι
660 2868 737 2914 minua
746 2868 872 2929 probabilis
881 2901 888 2924 ,
898 2869 1040 2929 probabilia
1114 2910 1117 2915 ,

202 2925 351 2983 BrobabiIIori
362 2930 403 2987 (tn.
415 2931 548 2978 nuutititor

228 3004 269 3035 aen
280 2994 353 3050 certe)
586 3013 598 3037 ι
658 2995 760 3042 tenuiter
769 2984 810 3040 aul
820 2993 892 3042 dubie
902 2996 1040 3057 probabilioa

199 3049 388 3102 Probabiliaaimae
1002 3076 1006 3081 ·

200 3117 273 3164 Certe

200 3181 265 3231 Vera·
276 3199 317 3231 ten
329 3126 431 3251 veriori,
901 3242 903 3247 ,

199 3245 312 3294 Praeterea
322 3252 462 3306 notandum,
478 3251 542 3312 quid
555 3267 582 3298 ea
592 3251 641 3300 sola
656 3255 734 3316 opinio
749 3255 839 3301 auctori
853 3256 1034 3317 probabilium,
1049 3271 1120 3318 quam
1131 3258 1181 3319 ipse

171 3311 314 3368 prolubilcm
330 3323 405 3363 vocat.
416 3316 516 3375 Opinio,
527 3328 597 3375 quam
613 3332 691 3378 neque
706 3320 848 3379 probabilem
859 3337 936 3382 noque
947 3322 1122 3380 Improbabilem
1137 3337 1183 3382 ap-

171 3374 258 3431 pellat,
274 3376 366 3433 judicio
388 3379 487 3426 ullorum
507 3381 610 3438 nntijicit.
635 3384 698 3429 Idem
719 3384 844 3431 dleenclum
863 3387 894 3432 de
913 3386 1183 3446 probabiliorist'Conler

170 3439 284 3545 porptpm
293 3442 396 3489 auctorit
408 3444 440 3490 ad
456 3444 581 3498 lectorem.
595 3446 664 3493 Hom.
679 3450 729 3506 Ap.
742 3452 773 3494 tr.
788 3449 811 3494 t.
829 3463 855 3498 tc.
865 3450 903 3496 at.
915 3464 1004 3501 necnon
1019 3450 1094 3495 aerim
1107 3451 1182 3510 ipsiu·

184 3514 220 3560 pn
230 3516 244 3547 o
253 3515 286 3546 aa.

198 3585 231 3643 (l)
240 3586 325 3637 contu
333 3590 374 3642 lib.
387 3594 409 3641 t.
420 3608 443 3640 n.
453 3595 497 3642 700
506 3596 605 3658 ejuoquo
614 3598 794 3648 adnotationem.
889 3659 891 3662 Ι
990 3605 1062 3665 ssdit.

585 3178 598 3203 n
658 3161 829 3223 improbabilis,
842 3178 888 3212 non
899 3163 1034 3226 probabilia.
