2617 4192
179 262 228 319 xv]

178 341 215 402 ab
237 335 299 400 iilia
323 336 439 399 alanne
461 337 516 418 pai
535 353 586 397 eae
604 332 727 396 liberiie
740 332 973 416 pareipemlnnt)
994 335 1028 396 in
1047 333 1190 398 ouievela·

180 422 291 485 boretie
313 420 471 503 Opprime,
489 427 516 480 et
534 419 691 499 omnipena
711 416 874 479 medimna
893 415 1027 498 referteo,
1048 438 1111 480 non
1126 422 1189 483 eine
1237 460 1239 463 .

179 505 371 568 aetinmtiono
392 511 619 579 commemorat,
646 511 676 563 et
693 519 770 582 sape
793 503 835 563 eia
858 501 979 580 ntitar,·
999 504 1076 583 pain
1101 505 1190 566 etiam

181 589 313 671 ipaoram
334 587 523 669 opinionibus
542 606 603 649 aon
626 583 739 669 parim
759 583 870 665 desert,
894 586 989 666 iisqne
1009 585 1133 663 ireniane
1155 589 1190 650 in

180 670 282 734 maltis
297 671 409 733 Cbn'eti
419 669 532 734 atam
550 669 687 742 inorruit,
702 677 737 730 at
753 668 850 731 videre
864 678 908 730 eet
926 670 960 730 in
974 688 1028 732 eno
1038 668 1188 735 Ballario.

220 756 363 817 Catere'em
375 801 385 829 ‚
397 755 518 837 benipne
529 759 639 830 Lector,
657 763 684 814 te
700 753 886 815 admonitum
899 751 980 825 volo,
990 774 1027 814 ne
1043 757 1190 819 existimes
1300 788 1301 793 ¹

179 858 225 903 me
240 842 391 924 opinionon
403 838 471 903 illae
486 840 670 924 approbare,
687 856 723 899 ex
734 857 766 900 eo
784 837 863 919 qaid
880 858 941 899 non
955 839 1125 921 reprobem5
1139 861 1189 903 eae

180 925 259 986 enim
279 925 453 1008 quandoque
475 921 602 1003 fideliter
617 942 764 1003 exponam
786 942 853 984 enm
873 923 937 985 onis
957 923 1122 986 rationibus
1128 971 1138 1001 ,
1160 934 1190 986 et

179 1010 337 1086 Patronis,
362 1017 398 1068 at
418 1005 475 1067 alii
493 1025 547 1086 pro
568 1025 625 1066 eoa
643 1005 825 1086 prodentia,
848 1008 933 1089 rnjao
952 1006 1092 1087 ponderis
1110 1009 1186 1084 sint,
1300 1060 1301 1075 ἶ

180 1090 361 1173 adjudicent.
376 1088 490 1151 Deinde
510 1089 667 1161 advortas,
688 1088 768 1170 qno'd
786 1089 852 1148 eam
871 1089 1005 1171 aliquam
1022 1090 1189 1172 opinionem

96 1206 100 1212 ·
179 1175 318 1241 aenaea
336 1192 422 1250 roco,
449 1181 517 1233 tune
538 1175 719 1234 contrariam
743 1192 804 1235 non
825 1172 916 1234 babeo
937 1181 972 1233 nt
990 1173 1186 1255 probabilem,

59 1259 63 1264 ’
179 1258 234 1321 etei
251 1277 314 1320 non
329 1259 461 1338 eapreool
478 1266 512 1318 at
530 1255 750 1337 improbabilem
766 1257 913 1318 damnem.
927 1260 1054 1338 Insuper
1070 1258 1188 1340 qeeando

179 1360 273 1403 anam
292 1359 329 1403 aa
347 1341 498 1402 sententiis
511 1340 735 1421 probabiliorem
749 1338 879 1422 appello,
893 1340 976 1402 nullo
990 1341 1104 1425 jndicio
1120 1343 1189 1405 dato

178 1426 214 1490 de
236 1423 442 1510 probabilitate
466 1424 607 1497 altarino,
635 1425 853 1487 natatoriae
878 1426 982 1502 aerbo,
1008 1447 1069 1488 non
1095 1427 1188 1488 audeo

179 1511 335 1583 damnare,
351 1528 412 1571 non
425 1518 581 1591 propterea
597 1507 730 1593 intellipo
740 1529 806 1570 eam
823 1507 1005 1591 probabilem
1021 1510 1125 1588 dicere,
1138 1509 1190 1572 eal

172 1593 287 1678 jndicio
296 1592 523 1675 prmlentiarmn
541 1594 696 1654 remittere.
708 1593 744 1655 Si
757 1603 855 1654 antem
869 1594 1019 1656 observare
1035 1598 1081 1660 ais
1097 1591 1189 1675 qaod·

178 1696 249 1738 nam
264 1687 390 1822 opetema
404 1676 560 1738 tenendam
572 1679 632 1759 ipse
652 1697 783 1738 carneam
803 1681 880 1739 eirea
899 1675 1058 1751 moralium
1074 1677 1188 1759 opinio·

178 1778 274 1822 name
287 1761 423 1909 eetiolnem
433 1806 442 1838 ,
454 1761 518 1825 ailla
531 1763 585 1825 lib.
600 1765 630 1824 i.
640 1762 678 1824 da
686 1763 869 1826 Conscientia
881 1763 1027 1843 probabili
1041 1781 1125 1824 num.
1137 1763 1186 1823 55.

179 1857 209 1911 ct
225 1865 287 1930 seq.
306 1849 348 1913 Va
364 1866 390 1909 e.
