2617 4192
187 253 279 306 cxxxii
589 246 798 303 harenationis

186 355 234 396 nec
248 340 374 396 tamenin
389 340 479 395 multis
495 341 684 406 questionibus
700 342 848 393 didicerunt
866 348 899 393 er
911 335 965 392 illis
976 348 1062 394 reram
1076 351 1190 406 respon·

188 410 292 468 sionem
308 427 387 479 quam
402 427 452 467 nos
464 412 589 466 discimus
606 428 638 466 ex
647 414 783 465 casuistis.
795 414 861 465 ilinc
875 413 1045 465 autem‘male
1061 414 1122 478 quis
1133 415 1193 465 col‹

185 484 269 553 liget,
287 488 419 540 casuistas
439 487 555 551 praeferri
575 487 731 552 scripturis,
751 496 779 540 et
792 489 930 548 Patribus,
944 494 990 539 a'ut
1003 488 1031 538 in
1049 486 1128 540 libris
1140 490 1191 541 ca·

184 562 326 614 tuismum
341 561 469 613 contineri
486 560 632 613 doctrinam
649 562 734 625 magis
752 568 867 623 certam,
887 575 966 626 quam
984 563 1011 613 iit
1031 562 1193 625 Scripturis,

184 643 212 693 et
226 635 363 695 Patribus,
381 636 428 686 sed
449 635 483 686 ab
497 636 605 698 optimis
619 634 746 688 casuistis
759 642 812 686 tarn
824 636 914 687 multis
927 635 1020 687 melius
1035 648 1094 687 esse
1109 637 1189 689 intel·

184 704 265 761 lectas
279 706 425 772 Scripturas
441 716 469 759 et
485 709 588 769 Patres,
601 722 680 772 quam
697 722 742 760 eas
759 709 874 771 praedicti
891 709 1079 770 intellexerint,
1095 722 1188 773 quam·

183 791 363 851 quenostrum
380 784 512 848 quispiam
528 783 676 846 intelligat,
690 797 721 835 ac
735 783 845 847 proinde
861 797 911 835 uon
930 783 1027 835 debere
1042 795 1092 834 uns
1106 782 1189 836 liderc

182 858 378 922 intelligentiae,
393 867 422 909 et
434 858 645 922 interpretationi
657 865 769 919 nostrae,
787 857 834 908 sed
850 858 1026 909 casuistarum
1043 858 1188 920 praesertint

181 931 373 991 celebriorum,
394 930 484 1001 quod,
502 938 531 982 nt
550 931 642 992 uides,
656 944 707 981 non
723 938 763 981 cst
780 929 901 994 praeicrre
917 930 1075 993 scripturis,
1092 937 1119 981 et
1136 931 1188 982 l‘a-

181 1003 267 1057 tribus
281 1003 427 1065 casrtbtas,
443 1001 491 1056 sed
509 1012 600 1055 nostro
616 1003 716 1067 judicio
735 1002 856 1065 preferre
869 1001 998 1065 judicium
1014 1001 1188 1054 celebriorum

181 1074 368 1128 casuistarum.

213 1148 281 1203 cler.
291 1147 428 1209 occupasti
438 1147 641 1212 prudentissime
649 1146 722 1213 quod
733 1147 846 1211 objicere
855 1150 975 1210 poterant
985 1144 1030 1210 qni
1039 1150 1066 1196 te
1076 1143 1187 1198 audiunt

181 1233 244 1272 aure
261 1233 313 1271 non
330 1220 396 1271 satis
411 1233 495 1285 equa.
512 1220 596 1274 Unum
608 1222 711 1272 uidetur
723 1221 804 1283 obiici
815 1220 899 1271 adbuc
909 1231 988 1283 posse
1005 1217 1084 1269 etiam
1102 1218 1117 1269 a
1134 1232 1186 1270 non

180 1291 305 1354 infensis,
318 1304 412 1355 nempe
423 1306 525 1345 errasse
537 1294 644 1357 quidem
656 1292 798 1357 aliquando
810 1294 935 1344 Doctores
952 1291 979 1340 in
997 1289 1186 1355 questionibus

179 1362 341 1428 moralibus,
360 1373 500 1429 autequam
515 1364 662 1430 inciperent
679 1363 792 1425 docere,
808 1373 836 1416 et
851 1364 966 1415 scribere
980 1356 1123 1423 casuistae,
1139 1362 1187 1413 sed

179 1435 229 1489 ltus
247 1437 326 1489 etiam
348 1450 466 1500 errasse,
481 1438 561 1488 immo
574 1438 662 1502 plures
680 1437 708 1488 in
728 1437 822 1487 borum
839 1436 917 1486 libris
934 1447 1036 1486 errores
1055 1434 1186 1498 reperiri,

180 1520 263 1574 quani
274 1510 301 1561 in
316 1510 385 1572 illis;
400 1523 452 1561 uon
468 1510 549 1575 igitur
569 1524 599 1562 er
619 1510 698 1561 libris
715 1509 892 1560 casuistarum
909 1512 963 1558 tam
976 1508 1067 1572 ingens
1084 1506 1187 1559 utilitas

179 1581 206 1631 in
228 1581 424 1648 liempublicam
447 1582 602 1635 litterariam
624 1581 799 1643 redundarit,
822 1578 998 1633 cecinerunt
1022 1579 1056 1629 ab
1078 1578 1185 1630 ullorum

179 1650 255 1705 libris
265 1668 368 1707 encres
383 1655 497 1719 depulsi.

211 1727 286 1779 duct.
303 1729 355 1781 tice
373 1726 401 1778 id
420 1730 520 1779 asserui
540 1739 671 1793 unquam,
692 1725 806 1778 iulssca
826 1725 953 1778 casuistis
971 1726 1061 1774 onibcs
1081 1728 1185 1775 errores

179 1796 318 1862 depulsos,
339 1799 387 1853 sed
408 1800 522 1858 multos;
542 1807 569 1852 et
589 1813 681 1851 rursus
698 1799 815 1861 ostendi,
834 1798 862 1850 id
879 1798 965 1849 lumen
981 1795 1014 1844 ab
1033 1795 1100 1858 ipsis
1117 1796 1185 1848 cllu-

178 1871 246 1923 sisse
255 1908 262 1933 ,
272 1884 326 1936 quo
337 1872 414 1924 iacile
423 1873 552 1924 soluimus
563 1873 713 1923 innumeras
725 1871 897 1936 questiones,
909 1871 935 1920 iu
948 1867 1042 1932 quibus
1050 1868 1186 1922 herebant

178 1943 241 1994 olim
257 1944 383 1997 Doctores
398 1945 526 2010 primarii.
538 1946 612 2008 Quod
625 1953 712 1997 autern
731 1944 797 1995 dicis
813 1945 862 1995 bos
878 1954 979 1994 errasse
995 1941 1092 2004 magis,
1107 1954 1183 2005 nego.

178 2010 301 2068 Errarunt
313 2018 418 2082 quidem
437 2018 519 2082 aliqui
536 2032 567 2069 cx
583 2016 667 2082 ipsis,
686 2017 733 2069 scd
751 2017 818 2067 forte
835 2017 861 2065 in
880 2016 987 2068 eosdem
1004 2012 1065 2064 illos
1081 2026 1184 2066 errores

177 2087 326 2141 inciderunt
348 2091 421 2152 prius
441 2098 544 2143 veteres
559 2090 640 2154 aliqui
659 2091 800 2149 Doctores3
817 2101 869 2139 non
888 2088 960 2139 enirn
978 2087 1075 2137 scimus
1093 2096 1183 2137 omues

177 2161 299 2223 antiquos
312 2174 430 2221 errores,
443 2162 490 2212 sed
502 2162 693 2224 paucissimos,
704 2176 763 2213 cum
778 2163 855 2225 longe
869 2160 1006 2225 pauciores
1021 2159 1181 2224 questiones

177 2233 306 2294 morales,
317 2246 396 2297 quam
408 2240 555 2289 tractamus
567 2247 615 2285 nos
626 2271 633 2297 ,
645 2236 782 2286 tractarius
793 2234 893 2297 antiqui
906 2230 1063 2296 Scriptores.
1075 2232 1183 2284 bemmn

176 2301 280 2354 laudaui
298 2304 470 2359 casuisticam
486 2306 654 2371 laenitatem,
676 2320 775 2372 eosque
791 2308 923 2358 casuistas
940 2305 986 2368 qui
1005 2304 1032 2354 lu
1050 2314 1081 2355 ca
1097 2304 1182 2356 iacul-

177 2380 231 2425 tate
241 2375 442 2438 praefulserunt,
455 2378 501 2442 qui
512 2385 558 2430 aut
572 2387 692 2431 errarunt
707 2390 855 2444 nunquam,
867 2379 966 2430 antris
983 2388 1115 2441 unquam,
1129 2386 1182 2428 non

176 2454 263 2570 autenm
280 2461 342 2511 cos,
354 2460 465 2516 qarorum
477 2464 528 2503 non
538 2460 636 2517 paucos
649 2464 752 2506 errooes
762 2453 871 2505 Romani
884 2451 1023 2504 Pontifices
1032 2450 1181 2514 justissimo

177 2531 226 2572 con
246 2529 351 2575 xerunt.

208 2591 260 2645 Sed
273 2608 380 2658 uereor,
398 2608 432 2649 ne
448 2595 503 2648 baec
520 2594 652 2650 facultatis
670 2597 841 2651 nobilissimae
858 2596 976 2648 defensio
996 2596 1128 2648 accusatio
1146 2594 1182 2647 stt

177 2666 292 2719 audacie
311 2682 375 2722 meae
392 2670 448 2734 iam
465 2670 543 2722 nimis
559 2673 693 2724 abutentis
713 2671 836 2736 patientia
855 2677 914 2732 tua,
934 2678 961 2720 et
979 2669 1083 2728 fusius,
1102 2680 1180 2733 quam

177 2750 243 2802 opus
259 2749 342 2805 esset,
363 2742 392 2793 in
412 2740 588 2796 casuistarum
606 2746 698 2796 laudes
717 2743 897 2802 excurrentis;
918 2741 965 2792 sed
986 2741 1105 2806 quamuis
1124 2741 1182 2803 ipse

175 2823 229 2862 non
243 2825 323 2876 egeas
339 2822 393 2866 tam
410 2816 518 2877 multis,
537 2824 567 2867 ut
586 2817 698 2880 incipias
712 2817 745 2867 dc
761 2816 921 2866 doctissimis
938 2814 1002 2864 uiris
1016 2813 1114 2864 sentire
1133 2820 1181 2875 pro

175 2885 270 2935 merito
285 2886 416 2949 ipsorum,
428 2887 547 2952 indigent
558 2897 628 2941 certe
640 2890 701 2946 aiii,
715 2901 763 2939 nec
775 2888 868 2952 pauci,
881 2887 926 2951 qui
942 2887 990 2937 bac
1003 2891 1093 2936 nostra
1104 2892 1182 2936 aetate

175 2955 215 3007 sic
225 2957 259 3007 dc
268 2958 395 3011 casmstis
405 2960 564 3025 loquuntur,
577 2970 606 3012 ut
617 2975 669 3013 non
682 2965 718 3012 ita
730 2963 906 3024 obloquantur
918 2959 952 3010 de
965 2958 1028 3010 lece
1044 2957 1180 3009 bominum

175 3030 356 3090 pessimorum.
378 3032 476 3083 iturum
498 3034 636 3088 calumniis
660 3033 832 3097 dispelieudis
852 3032 921 3084 forte
943 3036 1112 3091 nonerunt,
1136 3029 1180 3081 id·

175 3100 269 3166 utilia,
282 3116 339 3169 quae
355 3104 488 3157 audivisti.
1055 3107 1059 3115 ’

586 3215 709 3276 capnt
729 3216 767 3275 V.

192 3322 389 3401 casuistarum
412 3332 549 3393 vindicio
571 3333 636 3395 aliae
656 3332 674 3392 i
692 3334 777 3394 uoltis
800 3322 992 3412 compositae:
1013 3329 1157 3408 reprimo

241 3414 426 3487 ostenditur,
443 3417 588 3489 casulatus
598 3419 719 3478 Petrum
733 3428 949 3497 contemptores
962 3433 1022 3477 non
1039 3432 1113 3475 esse.

172 3532 264 3650 Huc
284 3602 315 3651 ad
334 3600 510 3653 casuistarum
528 3590 707 3656 detensionem
726 3560 831 3658 abunde
849 3607 1012 3665 subicerent,
1032 3604 1085 3654 uisi
1107 3615 1174 3667 quo·

172 3672 289 3721 rumdam
303 3670 329 3718 in
342 3672 403 3747 illos
415 3673 545 3735 hodieque
555 3674 769 3730 debacchantium
780 3679 853 3731 luror
864 3679 892 3731 ld
901 3681 917 3730 a
925 3671 1003 3730 nobis
1014 3675 1172 3740 postularet.
