2617 4192
188 258 260 319 'lid
316 259 322 270 '
482 249 589 312 titt.
604 241 940 323 mamam-tepori.
978 296 981 300 ,
1248 237 1252 246 ’

191 379 195 388 ·
240 352 408 415 Decldonoe
420 357 519 410 antem
533 350 617 409 llatae
626 348 775 407 minorum
789 342 994 421 utiquequim
1004 343 1207 406 declarationes

151 454 171 479 ³
190 442 233 500 ¹S.
246 442 280 499 G.
294 435 504 497 authoritatem
522 431 643 492 babent.
659 429 750 492 Greia
766 425 788 488 l.
803 431 833 487 1.
853 447 887 486 a.
903 429 971 487 ma.
990 429 1209 506 maltacena

204 520 361 605 repanda
381 516 466 599 apati
479 511 740 578 Tamariceto.
759 516 856 573 lieet.
867 510 903 572 de
915 510 1056 592 prem-§.
1071 515 1151 573 mat.
1161 517 1207 575 16.

241 618 287 678 dn
303 612 374 673 verd
395 611 506 688 regulae
524 609 710 669 cancellariae
729 606 862 682 obligent
874 603 1012 682 ubique?
1029 605 1122 682 Negat
1134 606 1209 669 Leia.

204 699 237 758 ia
254 698 375 757 dacter.
390 713 420 754 e.
435 691 635 772 Beneficium,
655 692 706 767 qai
730 691 771 749 ait
791 689 923 764 obligare
943 687 1060 747 tantiam
1079 690 1111 747 in
1131 692 1211 751 auria

205 784 347 850 Romana,
355 773 385 839 et
393 779 462 838 bulo
471 778 622 837 adhaerent
633 775 752 849 Diana,
762 782 791 832 et
804 769 870 830 elii.
878 772 934 830 Sed
947 772 1074 831 affirmat
1080 776 1210 834 Mazzot

205 862 227 924 l.
240 885 264 925 e.
279 884 309 946 q.
327 868 357 925 5.
370 863 499 924 moade.
509 863 627 938 Gemez,
641 868 699 921 eta·
708 859 782 932 Quia
792 857 833 917 sic
842 858 899 915 sert
908 857 1018 933 praxis.
1032 855 1108 918 Vtile
1114 859 1210 919 droia.

205 944 227 1007 1.
246 949 399 1009 basili·
1062 943 1081 956 ''
1107 965 1111 970 ·

245 1041 394 1118 Qnaeritur
408 1042 437 1100 5.
448 1057 486 1098 an
498 1039 575 1117 leges
585 1036 684 1095 civiles
703 1033 831 1110 obligent
847 1032 879 1091 in
892 1033 1093 1093 conscientia?
1103 1038 1147 1095 lle
1158 1034 1211 1096 boc

209 1136 336 1202 puncto,
357 1124 442 1185 valde
458 1123 531 1181 scitu
556 1119 736 1190 necessario,
755 1126 871 1195 oportet
892 1117 992 1200 aliqua
1008 1120 1212 1198 principaliora
1274 1133 1275 1146 ¹

209 1207 256 1268 lde
268 1210 419 1269 adnotare.
432 1207 504 1266 Aliae
525 1207 603 1282 leges
617 1205 714 1263 civiles
730 1211 799 1262 sunt
811 1199 945 1278 expressi
963 1200 979 1260 a
993 1202 1061 1278 jure
1076 1208 1212 1264 canonico

208 1294 395 1370 approbato,
410 1292 473 1350 atie
491 1289 625 1367 expresse
644 1298 800 1362 correctae,
820 1289 883 1346 aliae
905 1287 976 1348 verb
993 1307 1088 1365 neque
1107 1303 1213 1367 appro-

208 1378 305 1448 bate,
325 1394 421 1454 neque
441 1376 615 1452 reprobatae.
631 1375 706 1433 lline
727 1373 884 1431 dicendum
905 1374 929 1431 Ι.
944 1374 1029 1448 Leges
1046 1374 1214 1450 approbate

208 1464 271 1521 sine
294 1461 385 1520 dubio
402 1462 433 1519 in
454 1459 628 1518 conscientia
651 1458 781 1534 obligant
793 1479 802 1531 ς
815 1459 855 1516 ita
877 1466 919 1516 est
937 1457 981 1515 lex
999 1455 1171 1538 destinatam
1185 1460 1215 1517 in

207 1539 310 1606 Noeel.
321 1539 348 1623 3.
360 1561 414 1623 per
426 1540 620 1617 occasionem,
634 1542 668 1600 in
678 1560 736 1619 qua
749 1541 1002 1600 daturtricnnium
1012 1539 1047 1596 ad
1059 1541 1216 1616 experien-

209 1630 277 1688 dam
294 1627 452 1706 conjugum
467 1628 669 1703 impotentiam
685 1648 693 1683 ε
708 1624 827 1703 haecque
848 1626 1005 1703 approbata
1016 1621 1097 1683 lbitb
1113 1624 1214 1686 Celet·

211 1711 273 1773 iiao
285 1713 349 1773 ΙΙΙ.
362 1713 394 1770 in
416 1731 441 1772 c.
456 1706 664 1785 laudabilem,
680 1707 715 1769 de
733 1708 805 1789 trip.
822 1718 850 1768 et
860 1706 933 1767 arai.
946 1711 990 1767 lta
1005 1709 1115 1786 pariter
1127 1708 1214 1768 Nico-

211 1794 277 1857 leao
292 1798 320 1857 1.
335 1797 369 1857 ia
388 1814 464 1876 resp.
481 1792 520 1854 ad
534 1791 703 1874 Baiparos,
725 1791 759 1851 ia
782 1811 807 1851 e.
818 1793 867 1851 Ita
890 1795 938 1851 50.
950 1810 980 1871 q.
997 1794 1027 1850 l.
1044 1788 1213 1870 approbavit

210 1881 287 1959 leges
302 1879 493 1941 invalidantes
505 1878 727 1937 matrimonium
744 1876 822 1935 inter
841 1876 1030 1953 adoptantem
1047 1875 1076 1935 et
1097 1875 1215 1953 adopta·
1273 1875 1275 1898 ¹

211 1972 275 2023 tum
289 2009 296 2034 ‚
310 1974 398 2041 atque
416 1964 452 2023 ab
470 1962 525 2022 boe
545 1960 770 2030 descendentes,
786 1970 819 2019 ut
833 1957 903 2040 exnl.
919 1957 1102 2034 Quinetiam
1116 1961 1162 2019 55.
1179 1960 1214 2040 ff.

211 2046 246 2106 de
263 2044 325 2106 rita
341 2057 427 2126 nupt.
441 2047 513 2104 item
529 2046 607 2103 inter
629 2044 817 2119 adoptatum,
836 2052 865 2101 et
878 2043 956 2103 lilios
976 2044 1158 2120 adoptantis,
1180 2061 1217 2102 ex

195 2163 198 2166 ,
212 2125 233 2187 l.
248 2131 308 2188 Per
325 2128 510 2212 adoptionem
528 2123 576 2185 17.
590 2127 624 2206 ff.
638 2125 735 2186 eodan
749 2126 794 2195 aa.
815 2128 885 2185 item
905 2128 983 2186 inter
1004 2129 1215 2204 adoptantem,
1273 2125 1276 2139 '

211 2220 241 2270 et
252 2212 530 2292 uxoremadoptati,
544 2209 699 2279 meantia,
714 2230 750 2270 ex
762 2207 783 2268 l.
796 2210 967 2290 Adoptiaaa.
984 2215 1033 2296 11.
1046 2212 1081 2291 ff.
1095 2212 1157 2273 eod.
1170 2214 1216 2273 tit.

199 2305 203 2310 ’
250 2301 413 2361 Dicendum
423 2305 461 2360 ll.
476 2304 563 2380 Leges
572 2302 771 2378 eivllesiajurc
784 2304 921 2364 canonico
934 2315 1070 2365 correctae
1082 2307 1219 2366 nonobb·

211 2394 281 2464 gant
290 2385 410 2461 quidem
422 2385 648 2460 iu-eouscieutia3
657 2387 722 2445 talis
733 2388 869 2447 estlexia
875 2390 973 2467 price.
981 2391 1081 2450 laelii.
1089 2390 1123 2450 ae
1132 2379 1218 2471 capt·

212 2480 241 2531 et
253 2469 286 2530 ia
295 2467 346 2530 tio.
360 2467 493 2552 Naptia.
507 2473 538 2532 2.
548 2470 583 2549 ff.
596 2468 631 2529 tle
644 2468 695 2529 rit.
712 2489 785 2551 nep.
798 2472 849 2531 ubi
859 2473 1219 2552 invalvidanturmatrimo·

198 2556 261 2615 ‘uia
282 2554 413 2613 liliorum
427 2556 498 2614 ibm.
513 2556 585 2614 inita
601 2555 665 2614 sine
678 2567 819 2615 consensu
834 2566 1010 2633 parentum:
1024 2559 1075 2617 sed
1085 2558 1131 2618 bae
1142 2561 1221 2637 leges

213 2647 350 2699 corrcetae
361 2647 429 2698 sunt
439 2640 470 2698 iu
481 2658 506 2699 e.
519 2640 592 2698 Cum
602 2635 705 2713 meam,
717 2637 751 2697 de
760 2636 889 2717 sponsa.
898 2647 926 2698 et
934 2658 959 2698 e.
968 2642 1060 2699 Matr.
1070 2649 1098 2699 et
1106 2661 1132 2701 o.
1142 2639 1223 2703 lieet

214 2740 247 2781 aa
256 2740 281 2782 c.
301 2725 379 2797 Tae,
395 2720 430 2781 de
442 2740 541 2802 spone.
555 2720 639 2782 deor.
652 2731 682 2780 et
697 2720 804 2781 ultimo
815 2723 847 2780 in
860 2723 1032 2782 Tridentino
1043 2741 1112 2783 oeae.
1129 2728 1185 2785 24.
1196 2745 1220 2785 e.

215 2807 243 2863 1.
255 2804 289 2866 de
298 2804 429 2883 Reform.
440 2824 500 2865 sae.
512 2807 645 2865 metalla
657 2808 745 2865 etiam
761 2807 792 2864 iu
805 2825 830 2865 e.
847 2807 922 2867 daim
930 2806 1046 2867 baberet
1052 2852 1062 2882 ,
1077 2806 1224 2889 decoqui

212 2888 302 2949 duxit
319 2889 354 2949 ire
374 2897 464 2948 mab.
477 2889 635 2967 abrogatur
654 2890 702 2948 lex
713 2891 807 2949 civilis
822 2889 980 2968 prohibens
1000 2892 1138 2951 alimenta
1155 2893 1224 2953 clari

213 2973 283 3033 filiis
294 2973 412 3049 spuriis
424 2974 471 3032 Sic
484 2973 594 3050 pariter
608 2973 640 3032 in
663 2977 685 3031 1.
697 2976 726 3032 6.
740 2972 767 3056 3.
782 2973 858 3053 blf.
872 2972 908 3033 de
920 2972 1080 3035 Adiciteriis
1087 3022 1099 3052 ,
1115 2985 1144 3035 et
1156 2974 1181 3035 l.
1192 2981 1224 3038 2.

216 3060 248 3119 C.
264 3054 326 3117 eod.
347 3054 393 3114 tta
409 3052 580 3134 conjugatus
594 3076 768 3136 cognoscens
790 3057 921 3119 solutam
930 3053 990 3119 non
1002 3069 1121 3120 tenetur
1137 3062 1227 3121 adul·

213 3140 281 3210 terii
300 3138 430 3216 judicio,
448 3138 515 3199 licet
534 3141 690 3201 damnetur
712 3142 863 3220 conjugata
885 3139 1015 3203 solutam
1038 3145 1224 3205 admittens:

213 3223 274 3283 Scd'
292 3224 325 3282 in
344 3241 370 3282 e.
384 3224 488 3285 Nemo.
509 3224 548 3284 52
565 3243 618 3305 ,q.
632 3228 661 3285 b.
677 3237 801 3304 uterque
819 3224 932 3303 judicio
952 3227 1129 3305 subjicitur,
1153 3229 1227 3316 quia

214 3394 423 3451 »declarationem
443 3411 495 3460 qoae
512 3400 561 3462 jam
580 3402 604 3446 in
622 3400 724 3448 Ecclesia
739 3401 903 3448 universaliter
927 3403 1051 3461 divulgata
1067 3410 1094 3449 et
1109 3403 1177 3450 ficto
1196 3406 1231 3450 aie

215 3475 226 3496 ι
244 3457 506 3530 promulgatoiuerint,
517 3478 561 3507 usu
579 3464 681 3523 plurium
700 3477 813 3511 annorum
827 3467 864 3512 vel
885 3465 996 3512 relatione
1015 3457 1139 3513 anctorum
1161 3481 1232 3514 eom-

214 3536 225 3557 »
242 3527 344 3562 maniter
359 3534 422 3577 ipsas
439 3526 610 3590 referentium-a
629 3527 664 3572 bie
677 3531 730 3574 satis
744 3545 823 3576 omncs
841 3530 922 3576 fideles
936 3532 1093 3589 obstringunt.
1108 3549 1122 3572 ι
1209 3559 1211 3566 1

939 3651 943 3658 ⁴
980 3651 983 3662 ,
1043 3619 1115 3688 odia·
