2617 4192
471 337 543 387 Parc
559 336 582 385 t.
602 324 753 384 Bittorieu.
1032 360 1035 369 κ
1093 334 1133 385 ιγ,

110 432 149 485 ab
162 430 204 484 eu
222 424 494 491 mnam‘itucbartstre
507 421 726 475 communionem.
743 418 799 469 imo
812 416 875 482 qnia
889 417 938 470 boc
951 418 1036 483 ipsum
1052 431 1119 471 reco-

111 517 186 572 ptum
197 504 315 557 rmtuit
325 503 360 553 rb
375 500 503 560 Ecclesia,
521 502 637 561 camut
651 495 720 545 inira
738 493 991 553 crumenarum
1008 494 1034 543 in
1051 495 1116 546 Cirr.

110 582 185 632 Rom.
211 571 472 638 unumpate.
496 578 636 633 utramque
657 569 850 619 Sacramentum
871 566 1035 617 moribundis
1059 580 1119 618 rere

110 651 297 718 prandentibus
312 646 427 699 conteni
445 640 748 707 campocunanae
767 652 814 704 per
833 639 953 703 predicta
970 639 1047 690 rerba
1066 638 1118 691 tuit

111 727 164 776 iun
173 723 300 788 apostatis
310 734 341 772 ea
350 718 405 770 sota
416 716 563 768 communio
574 715 714 779 denegata,
726 725 784 778 quar
796 718 852 763 erat
864 711 941 775 plena
952 713 1114 773 commuuio,

19 812 20 815 ¹
112 799 188 861 plena
199 810 249 860 pax
260 807 320 847 cum
331 791 461 849 Ecclesia,
473 800 530 852 quae
545 789 645 851 magnis
660 786 838 850 peccatoribus
852 792 1113 848 utcumqueutroquo

111 871 276 921 Sacramenta
295 865 399 916 retectis
418 863 559 926 negabatur
572 863 650 913 etiam
667 862 694 911 in
710 867 811 926 morte,
825 865 970 923 quatenus,
988 859 1010 909 si
1027 872 1117 910 conua-

111 943 224 993 luissent
242 941 276 991 ab
297 937 445 987 infirmitate
465 948 525 995 sua,
548 935 648 997 ingredi
669 934 797 985 debebant
815 932 927 982 stadium
946 932 1116 995 poenitcutite,

112 1021 140 1066 et
149 1026 240 1077 gerere
252 1020 285 1062 se
296 1017 418 1072 tanquam
435 1009 549 1071 ejectos,
564 1015 590 1059 et
605 1009 639 1058 ab
654 1021 705 1058 usu
720 1004 939 1056 sacramentorum
957 1004 1083 1055 exclusos.

148 1088 218 1151 cap.
230 1083 256 1134 2.
266 1080 406 1132 Flamina
424 1079 472 1146 qui
480 1085 545 1146 port
562 1079 643 1146 fidem
663 1077 785 1135 lauacri,
798 1083 823 1129 et
834 1074 1052 1143 regenerationis
1069 1090 1116 1128 aa·

113 1153 314 1225 crificaucrint,
332 1167 362 1205 co
378 1152 451 1219 quod
459 1150 662 1220 peminaocrint
672 1148 787 1208 caetera,
802 1148 945 1202 accedente
955 1147 1117 1210 homicidio,

110 1229 154 1283 act
171 1224 373 1296 triplicaverint
391 1224 502 1290 surinus
527 1224 680 1277 cobarente
700 1220 830 1279 armenia,
852 1219 958 1286 placuit
966 1224 979 1280 ¹,
1004 1236 1049 1273 eoa
1069 1236 1118 1275 nec

109 1302 141 1355 in
156 1302 212 1368 fine
221 1298 345 1365 accipere
362 1297 593 1351 communionem.
609 1297 658 1348 iiic
676 1295 771 1346 eruditi
783 1295 940 1357 interpretes
955 1295 1061 1358 dicunt,
1074 1297 1116 1359 agi

110 1375 144 1426 da
160 1374 195 1424 iis
213 1372 352 1423 Gentilium
374 1371 577 1431 Sacerdotibus,
596 1370 642 1433 qui
663 1368 781 1418 flamines
800 1368 973 1428 vocabantur,
991 1370 1036 1432 qui
1057 1376 1117 1432 post

109 1446 320 1503 couversionem,
341 1450 369 1494 et
387 1445 548 1507 Baptismum
568 1441 601 1493 ad
622 1442 747 1493 uomitum
768 1439 916 1501 redierant,
937 1447 964 1491 et
985 1441 1018 1491 ad
1041 1456 1115 1494 suum

91 1533 221 1580 varunas,
241 1515 311 1581 cuod
326 1523 382 1569 erat
401 1517 453 1567 diis
471 1515 607 1566 immolare
626 1514 703 1563 initio
722 1512 859 1574 ludorum,
877 1520 904 1563 et
920 1514 1030 1576 publicis
1047 1517 1116 1568 indis

109 1605 237 1657 preesse„
247 1591 273 1640 in
290 1591 387 1653 quibus
401 1589 555 1650 homicidia,
574 1594 602 1638 et
621 1586 764 1647 adulteria,
780 1587 882 1650 aliaque
899 1586 1048 1650 huiusmodi
1067 1591 1117 1639 ob·

109 1662 196 1719 scoena
211 1663 438 1715 committebantur
448 1698 456 1723 ,
468 1673 580 1726 quorum
596 1660 707 1723 proinde
724 1666 810 1709 reatus
828 1659 861 1709 ad
876 1672 923 1709 eos
934 1659 1115 1713 redundabat:

108 1738 152 1788 rei
169 1737 212 1798 agi
229 1734 263 1785 de
281 1736 315 1784 iis
331 1734 513 1789 Sacerdotibus
527 1733 687 1805 qui'paritcr
702 1738 762 1796 post
778 1738 895 1782 sanctum
912 1733 1050 1792 ianuarum,
1066 1748 1118 1797 quo

110 1815 186 1863 erant
203 1808 316 1870 expiati,
332 1807 462 1857 redierant
479 1806 513 1857 ad
533 1819 580 1858 sua
595 1807 732 1865 sacrificia,
745 1807 772 1856 in
788 1807 886 1869 quibus
901 1819 992 1856 carues
1002 1807 1118 1859 bumana

110 1881 287 1934 offerebantur
309 1878 410 1937 idolis,
430 1885 457 1929 ct
476 1880 610 1942 virgines,
631 1887 768 1945 antequam
789 1885 978 1938 mactarentur,
992 1882 1032 1929 ⁴ab
1054 1882 1119 1944 ipsis

89 2010 91 2014 ,
110 1951 297 2005 Sacerdotibus
315 1952 548 2013 constuprabantur
562 1965 613 2002 non
632 1954 688 2003 sine
706 1953 782 2016 culpa
803 1953 934 2013 moecbiae,
950 1965 1009 2001 cum
1027 1952 1117 2004 Sacen

110 2027 189 2078 dotes
209 2023 310 2089 uxorati
323 2030 418 2073 essent.
435 2024 490 2074 Nisi
506 2025 573 2075 torte
584 2026 637 2077 baec
647 2039 697 2077 uox
715 2026 825 2076 moecbta
838 2024 962 2075 sumenda
974 2025 1009 2075 sit
1025 2026 1052 2076 in
1065 2027 1117 2079 iata

109 2098 299 2163 significatione
316 2109 364 2159 pro
381 2097 472 2160 quovis
489 2099 581 2148 illicito
598 2100 754 2160 concubitu,
775 2099 906 2162 quomodo
923 2100 1041 2161 usurpari
1060 2113 1117 2151 earu

110 2178 189 2240 posse
200 2171 276 2221 docet
286 2170 393 2231 August.
407 2167 452 2220 tib.
465 2170 490 2221 2.
504 2182 588 2236 cuper
598 2171 688 2223 and.
700 2184 763 2237 cap.
775 2173 816 2221 tt.
833 2172 914 2234 igitur
925 2171 952 2221 bi
967 2173 1120 2225 Sacerdotes

109 2260 142 2297 eu
161 2247 202 2297 bis
224 2244 306 2296 tribus
328 2243 498 2305 criminibus,
519 2246 560 2296 ret
580 2258 613 2294 ex
638 2246 764 2309 singuiis,
785 2251 814 2295 ut
836 2246 880 2296 aiii
904 2246 1116 2309 interpretantur,

108 2334 170 2372 cum
179 2330 255 2383 parra
267 2318 353 2380 aliqua
366 2318 509 2368 mutatione
520 2318 658 2369 verborum
673 2320 751 2382 hujus
762 2320 872 2383 capitis,
884 2325 939 2371 tota
950 2322 1020 2383 uita,
1036 2322 1115 2387 inque

109 2393 168 2457 ipsa
179 2396 263 2441 morte
274 2390 408 2452 privantur
421 2392 604 2442 communione
615 2392 746 2454 praedicta.

144 2459 468 2528 adumbrationibus
488 2462 537 2529 qui
556 2476 614 2514 non
630 2463 848 2524 immolaverint,
868 2463 916 2516 aed
932 2476 1035 2517 munuc
1052 2470 1115 2518 tan-

111 2539 171 2589 tum
186 2533 326 2592 dederint,
340 2548 372 2586 co
387 2533 463 2600 quod
472 2547 501 2585 ec
510 2534 627 2601 [uncatis
637 2535 823 2589 abstinuerint
838 2536 999 2603 mortariis,
1009 2535 1118 2603 placuit

50 2624 51 2627 ¹
109 2607 142 2661 in
160 2607 214 2673 fine
225 2605 410 2673 praeturicis
432 2607 651 2659 communionem
663 2623 672 2658 .-
685 2608 764 2675 tacta
781 2613 873 2660 tamen
891 2608 1013 2675 lepitima
1026 2612 1117 2676 peni-

110 2676 485 2745 tentia.1temipri,ripost
500 2678 692 2745 penitentiam
708 2681 814 2748 [nerim
833 2680 978 2739 mactati,
994 2680 1115 2747 placuit,

109 2750 244 2813 ulterius,
256 2750 365 2802 airaon
381 2763 437 2802 esre
447 2751 570 2803 dandam
582 2754 813 2813 communionem,
830 2767 864 2806 nc
876 2752 972 2805 inausa
983 2753 1015 2805 de
1027 2755 1118 2806 Domi·

109 2824 176 2876 nica
191 2822 381 2876 mauriane
395 2823 556 2876 uideantur:
566 2827 613 2876 itio
626 2829 730 2878 nomine
741 2829 856 2878 muneris
874 2828 1024 2890 intelligunt
1036 2829 1117 2891 atiqui

110 2898 263 2961 pecuniam,
284 2897 328 2946 uct
343 2897 403 2946 tate
422 2897 523 2960 aliquid
544 2898 633 2949 datum
653 2901 864 2962 persecutoribus
883 2902 915 2949 ud
939 2899 1116 2951 redimendam

110 2969 245 3031 corporis,
262 2977 291 3019 et
305 2970 364 3019 uitm
382 2972 551 3023 venationem.
564 2973 617 3023 Huc
631 2979 718 3023 autern
734 2974 795 3023 dare
813 2973 846 3023 ad
863 2974 931 3022 bunc
946 2972 1024 3021 tinem
1042 2973 1117 3035 culpa

110 3048 200 3099 uacat,
216 3047 242 3090 et
257 3053 333 3102 supra
350 3041 440 3092 desinit
455 3045 743 3095 Petrusdicrandrinus
762 3048 829 3095 Can.
850 3046 887 3094 ta.
906 3058 958 3094 non
976 3045 1055 3106 igitur
1067 3059 1117 3106 pu-

109 3114 236 3166 niendum
248 3120 317 3172 crat,
325 3115 375 3163 nisi
389 3115 456 3166 torte
467 3130 544 3170 cauma
554 3119 640 3180 aliqua
656 3119 732 3168 uobis
744 3116 903 3179 incomperta
916 3117 942 3166 id
956 3129 989 3167 eo
1001 3124 1117 3179 tempore

110 3188 233 3238 itticitum
247 3185 316 3235 iecit,
328 3188 413 3250 Aliqui
426 3202 456 3239 ea
469 3202 531 3239 uoce
543 3190 690 3253 iutcttiguut
703 3203 797 3239 munus
809 3189 913 3252 aliquod
929 3189 1016 3239 datum
1032 3189 1116 3250 idoto,

108 3261 152 3312 set
171 3258 275 3310 ethnico
295 3259 427 3311 Sacerdoti
453 3262 486 3310 ad
509 3269 628 3327 sunrptus
651 3263 855 3323 sacrificiorum,
877 3262 946 3324 quod
972 3267 1040 3312 certe
1062 3269 1117 3313 erat

107 3332 242 3391 riticitnm,
261 3336 287 3380 et
310 3332 479 3393 puniendum.
501 3334 552 3383 Atii
575 3335 701 3395 demum,
719 3335 823 3384 nomine
845 3335 960 3384 mutueris
979 3334 1117 3395 significari

105 3407 200 3458 dieunt
214 3402 292 3454 ludos
307 3404 441 3465 publicos,
461 3417 527 3467 quos
539 3406 566 3455 hi
577 3408 694 3459 tiamincs
708 3408 893 3469 exbibuerunt,
909 3407 955 3457 sed
967 3406 1024 3456 siue
1037 3408 1116 3456 sacri-

108 3478 184 3537 ficio,
196 3483 223 3526 ct
233 3475 294 3526 ideo
307 3477 394 3526 minus
410 3478 561 3539 puniuntur.
765 3486 769 3492 ’

141 3552 210 3615 cap.
222 3549 247 3596 t.
267 3549 337 3598 rtem
354 3545 499 3612 flamines,
517 3549 663 3615 nituerint
682 3551 886 3615 catechumeni,
909 3556 934 3605 et
951 3550 1011 3603 scd
1029 3553 1117 3605 sacri-

105 3621 178 3690 ficiis
196 3617 399 3681 abstinuerint,
418 3624 484 3686 post
500 3621 614 3673 triennii
634 3628 759 3688 tempora
773 3625 881 3691 ptucait
898 3626 935 3677 ad
953 3624 1118 3689 baptismum

107 3687 349 3747 oduaridebere.
377 3693 505 3742 Pataruut
528 3695 635 3754 Patres,
659 3697 776 3745 turnines
799 3712 866 3760 quos
887 3698 987 3758 espcrti
1016 3697 1118 3743 inerant

108 3778 202 3833 panum
224 3766 391 3826 onustantur,
414 3776 482 3816 ctae.
495 3764 598 3822 diutius
616 3766 780 3827 probandos,
800 3781 895 3831 nempe
915 3774 971 3818 tuto
989 3764 1118 3817 triennio,
