2617 4192
1075 184 1144 249 xanJ

135 277 361 380 singularum
394 270 604 346 dioeeosium
635 269 758 357 datas,
791 267 1035 373 exhibitisque
1061 269 1141 350 Sao.

136 390 289 465 Rituum
306 382 585 486 congregationi
602 381 850 482 proeersiculis
871 382 1142 483 diligentiorum

91 502 94 505 ’
136 502 174 576 in
192 501 316 576 iisdem
330 496 546 572 dioeeesibus
563 503 792 596 peractarum
809 496 883 569 unia
898 520 983 572 oum
1001 499 1143 601 seriptis

132 611 304 714 repertis,
323 608 464 700 omnia,
485 615 559 683 tam
577 631 687 708 opera
705 606 901 707 impressa,
920 612 1031 710 quiam
1049 614 1142 687 sori-

133 733 194 826 pta
211 721 403 814 norisium,
424 746 466 796 ae
482 744 643 796 eansurae
662 743 709 793 ex
724 720 828 820 praxi
845 719 1007 819 ejusdam
1023 720 1141 800 Saorae

133 832 431 940 Congregalionis
457 832 619 932 subjecta
642 831 756 906 luere.
779 829 863 908 Haeo
887 840 1010 910 aulem
1031 843 1138 930 suna,

133 959 203 1043 ete.

182 1061 293 1137 Facta
326 1067 447 1135 autem
482 1057 527 1132 ad
559 1055 883 1171 congregationem
920 1059 1138 1137 ordinariam

133 1174 360 1274 infrascripto
382 1170 441 1265 die
462 1169 624 1259 habitam
648 1196 715 1277 per
738 1171 821 1267 Ilm.
847 1179 884 1269 al
906 1172 996 1249 Rev.
1017 1173 1140 1249 Domi·

133 1313 223 1363 num
241 1285 469 1362 Cardinalem
487 1282 639 1359 Saluzzo
653 1285 732 1359 loeo
746 1282 827 1357 Em.
841 1293 877 1359 et
891 1284 979 1361 liev.
991 1284 1137 1362 Domini

21 1394 30 1409 ⁸
132 1399 330 1476 cardinalis
358 1398 563 1473 Caraoeiolo
596 1396 796 1492 Ponentis,
827 1399 933 1499 plena
965 1400 1138 1476 relatione

131 1520 204 1588 tam
241 1512 473 1615 praelatorum
507 1536 662 1612 operum
702 1510 992 1611 impressorum,
1025 1514 1138 1615 quam

130 1625 286 1702 aliorum
311 1622 413 1699 MSS.
439 1626 629 1718 omnium,
648 1624 732 1699 cnm
751 1623 844 1700 nitit
864 1632 904 1700 in
924 1627 969 1703 iis
987 1652 1138 1704 censura

130 1739 282 1840 alionum
297 1747 474 1838 repertum
494 1736 622 1836 suerit,
639 1761 739 1812 saera
756 1739 882 1813 eadem
898 1737 1137 1841 congregatio

131 1850 405 1943 rescribendum
433 1850 573 1941 sensuit
590 1851 737 1957 procedi
754 1876 857 1952 posse
876 1851 927 1943 ool
946 1853 1134 1951 ulteriora,

132 1961 162 2038 si
186 1960 250 2035 SS.
279 1959 439 2047 Domino
464 1960 596 2049 ¹nostro'
613 1962 678 2051 Pin
702 1963 780 2045 llll.
811 1962 917 2065 Paul.
940 1963 1035 2038 lllax.
1062 1965 1135 2065 pla·

131 2074 258 2150 cuerit.
278 2071 348 2146 Die
366 2074 412 2148 14
432 2074 516 2148 maii
536 2075 643 2153 1803.

177 2186 318 2282 Quibus
339 2186 435 2260 ame
452 2188 678 2290 infrascripto
702 2189 895 2265 secretario
920 2190 1037 2267 eidam
1064 2189 1129 2269 SS.

128 2297 286 2374 Domino
322 2307 447 2375 nostro
480 2302 631 2395 relatis,
668 2299 846 2379 Sanctitas
876 2328 942 2379 sua
976 2304 1132 2409 benigno
1242 2358 1249 2365 -

127 2415 267 2515 annuit.
288 2412 358 2489 Die
376 2415 525 2492 tamaii
548 2415 657 2495 180&

223 2642 334 2697 tultus
351 2643 451 2696 llnltll
469 2646 548 2696 cano.
566 2643 776 2706 ausoniaene,
794 2646 820 2698 S.
833 2647 863 2700 n.
875 2649 904 2700 c.
916 2649 1064 2702 tumemus.

177 2802 273 2879 Loco
297 2807 321 2901 l
346 2801 461 2907 Sigilli

464 3001 487 3059 l.
500 3000 536 3051 Da
552 3001 688 3064 cinnano,
701 3002 726 3054 s
740 3002 771 3054 R.
784 3003 812 3054 C.
825 3002 997 3056 Ssonrrnrns.
1054 2990 1059 2995 ’
