2617 4192
152 224 220 290 cxxii
561 214 769 269 mandationis

155 331 167 360 ι
186 312 272 363 libros
287 308 415 374 perutiles
428 306 486 360 loro
500 307 604 358 interro
620 316 697 366 esse,
711 306 790 366 ratis,
811 311 841 356 at
855 303 1156 371 annumerandam

154 400 167 433 ι
185 383 270 436 iacere
281 382 476 435 constitueram.

189 458 292 506 »Nune
312 454 405 505 latiam
425 450 496 517 quod
516 463 568 502 non
589 461 794 514 proposueram,
808 450 855 500 sed
876 449 947 514 qaod
964 451 1086 504 omittere
1102 466 1156 504 uon

155 528 290 587 imbec,
310 534 366 577 tam
388 525 416 575 ia
439 524 550 587 aratiam
572 524 678 585 optime
699 521 849 579 facultatis.
874 529 929 573 tum
949 530 979 573 ut
1002 532 1155 588 presentem

156 616 166 645 ι
186 599 341 658 Ecclesiam,
354 598 429 660 caius
440 610 470 647 ea
482 597 539 647 taus
551 603 610 652 est,
622 594 706 656 pluris
716 607 818 657 semper
830 594 957 654 aestimes,
967 607 1071 658 semper
1081 611 1154 649 ames

152 688 165 717 ι
185 672 325 735 mapis31d
343 671 414 722 caina
430 669 495 721 mihi
508 668 673 733 potissimum
690 668 851 730 propositum
862 676 911 718 est.
922 668 1061 720 Ostendam
1073 670 1156 733 igitur

155 746 250 796 rbaac
270 744 436 802 facultatem,
458 755 576 806 quosque
597 742 655 803 ejus
674 742 818 795 nobiliores
837 742 1002 796 Professores
1024 744 1155 808 scripsero

153 835 167 865 ι
185 817 283 880 libros,
294 816 420 884 perutiles
430 817 481 868 toti
491 814 610 868 dederim
622 814 714 866 tuisse.

556 1006 680 1106 *catilin
700 1006 752 1067 tv.

153 1180 320 1244 francolini
340 1180 552 1243 vindicationes
576 1179 661 1247 alias,
685 1176 844 1255 inquibus
865 1177 1049 1252 ostenditur,
1072 1180 1157 1241 libris

177 1274 389 1336 ·Casuistarum
406 1282 521 1334 auctam
541 1271 629 1331 fuisse
646 1270 869 1332 ecclesiasticam
886 1270 1105 1347 eruditionem,
1123 1279 1157 1332 ct

178 1365 261 1429 ,fidei
282 1364 448 1429 doctrinam
463 1364 648 1428 illustratam.

185 1621 199 1651 ι
215 1528 260 1657 la
272 1608 301 1655 ut
312 1600 354 1654 ria
366 1594 493 1662 faciliori,
506 1605 534 1651 et
542 1595 693 1662 iucundiori
707 1596 896 1659 demonstrem,
909 1597 1061 1662 ostendam,
1074 1610 1152 1666 qaam

156 1694 166 1724 ι
186 1676 266 1729 luerit
274 1673 359 1738 maior
368 1674 397 1724 ιιι
406 1672 526 1723 Ecclesiae
537 1669 666 1721 ministris
677 1670 809 1731 eruditio,
821 1679 959 1734 postquam
970 1671 1085 1723 scribere
1097 1685 1156 1724 coe·

155 1766 166 1799 ι
184 1764 244 1815 pere
256 1749 397 1809 casuistas,
409 1759 487 1811 quam
500 1745 562 1795 iude
573 1743 653 1794 luerit
664 1743 691 1793 in
703 1742 820 1794 doctrina
833 1757 932 1794 moram
943 1744 1028 1796 minus
1037 1755 1152 1799 erratum

155 1842 165 1872 a
185 1831 212 1875 st
222 1823 385 1882 dubitatum
397 1818 516 1886 quamvls
527 1818 597 1868 enim
608 1817 635 1867 id
650 1816 776 1867 debeatur
787 1817 952 1880 potissimam
962 1818 1156 1882 posterioribus
1186 1850 1189 1853 -
1203 1840 1206 1841 ⁷

84 1958 87 1963 ἱ
157 1895 316 1961 »Synodis,
337 1903 365 1948 et
384 1893 538 1946 Pontificum
556 1889 804 1949 constitutionibus,
826 1901 874 1953 per
896 1903 961 1954 quas
979 1891 1077 1950 muita,
1097 1906 1154 1956 quae

155 1989 166 2020 ι
185 1980 260 2024 erant
279 1972 381 2035 ignota,
393 1969 435 2022 vel
449 1968 544 2028 dubia,
562 1967 635 2018 inere
650 1965 768 2025 delinita,
786 1973 813 2017 et
828 1965 925 2026 multa,
941 1977 1000 2028 qam
1015 1972 1090 2017 erent
1104 1968 1155 2017 ob·

155 2058 278 2105 rmum,
297 2044 370 2096 tuere
394 2043 540 2101 declarata;
562 2040 673 2090 debetur
696 2045 781 2088 tamea
804 2037 882 2088 etiarn
905 2036 1015 2100 studiis,
1034 2044 1063 2089 et
1077 2038 1154 2092 libris

156 2135 168 2167 s
188 2118 379 2175 casuistarum,
392 2122 421 2164 ut
433 2127 464 2164 ex
483 2114 531 2172 lis,
548 2125 605 2175 quae
619 2112 664 2162 bic
679 2111 798 2172 afferam,
809 2111 886 2162 facile
901 2110 1040 2174 iuraturos.

185 2190 363 2240 rPercnrram
385 2185 567 2246 Sacramenta,
592 2197 704 2248 quorum
728 2184 919 2236 administratio
942 2186 1071 2248 precipua
1093 2196 1154 2247 pars

153 2268 224 2313 aest
245 2259 397 2311 Christianae
419 2257 580 2321 discipilum,
605 2263 633 2307 et
654 2254 735 2307 modo
755 2265 808 2308 tam
826 2264 915 2317 certa,
936 2264 990 2308 tam
1006 2264 1076 2318 tuta,
1099 2265 1153 2309 tam
1193 2301 1204 2315 a

152 2353 164 2384 s
183 2333 310 2399 explicata
324 2330 450 2382 beneflcio
465 2332 602 2394 utriusque
612 2330 761 2394 rnearopiae
778 2331 954 2394 speculativa,
972 2336 1000 2381 et
1015 2331 1152 2394 practice,

153 2428 165 2457 ι
184 2421 235 2474 qua
253 2411 377 2471 prestare
395 2404 511 2468 debent,
526 2411 553 2455 et
571 2411 694 2467 praestant
710 2406 848 2465 casuistae,
865 2405 930 2456 olim
941 2412 1002 2456 nero
1019 2404 1069 2457 itit
1084 2406 1152 2469 apad

152 2501 164 2532 ι
184 2481 280 2534 multos
294 2479 360 2531 adeo
372 2477 452 2530 dnbla
464 2485 491 2529 et
502 2485 679 2529 controversa.

186 2573 196 2603 ι
216 2553 376 2617 baptismam
392 2552 515 2602 collatum
531 2550 565 2600 ab
582 2550 716 2601 boemanis
735 2548 904 2613 repetendum
921 2560 975 2601 non
988 2561 1047 2601 esse
1064 2548 1155 2602 docuit

152 2646 163 2678 ι
182 2626 342 2691 Stephanus,
356 2622 475 2675 deduirit
491 2624 540 2673 boc
554 2623 639 2685 ipsum
654 2631 743 2687 postea
762 2623 904 2674 concilium
916 2623 1064 2682 iliraerum,
1081 2621 1154 2686 quod

152 2720 163 2749 ι
182 2701 253 2752 solos
265 2696 409 2761 baptizatos
426 2698 441 2747 a
458 2695 637 2757 nantiniacus,
657 2709 704 2746 seu
723 2694 899 2746 samosatenis
915 2696 1011 2746 iterun
1027 2695 1092 2757 tingi
1105 2705 1155 2744 ro·

152 2791 163 2821 ι
183 2773 246 2833 Ιιιίι,
264 2771 343 2835 quia,
361 2776 392 2820 ut
410 2768 523 2833 explieat
540 2768 707 2818 innocentius
724 2768 744 2820 l.
761 2768 839 2831 epist.
857 2767 900 2818 22.
917 2779 975 2830 cap.
991 2768 1017 2819 ii.
1036 2762 1156 2817 Petelin-

152 2863 162 2893 ι
181 2842 260 2895 niatoe
282 2842 313 2895 t're
333 2838 578 2899 nominantem,
596 2845 622 2893 et
641 2839 725 2901 Filii,
745 2844 772 2891 et
792 2838 915 2907 Spiritus
933 2836 1026 2892 soant
1045 2839 1154 2890 minime

151 2938 162 2966 ι
181 2917 357 2982 baptizabant.
375 2915 464 2967 Adbuc
483 2922 568 2966 tamen
586 2915 684 2978 egregii
703 2914 824 2965 Doctores
845 2914 883 2963 ita
899 2914 1027 2977 scripsere
1043 2919 1151 2975 postea,

151 3009 162 3041 a
180 2996 212 3043 ut
221 2992 355 3055 ignorasse
367 2988 503 3039 rideantur
521 2989 649 3039 canonem
662 2984 809 3048 bissenum,
826 2993 872 3036 ant
887 2998 949 3037 erm
967 2985 1096 3037 nonsatis
1110 2985 1153 3033 in·

151 3083 161 3112 ι
180 3061 322 3116 cellesisss.
339 3063 420 3125 Lege,
439 3074 497 3112 cnm
515 3073 561 3124 per
579 3061 662 3111 otium
685 3060 789 3120 iicebit,
807 3059 911 3110 initium
929 3059 1019 3126 prime
1034 3053 1152 3120 epistolar

148 3156 162 3184 s
180 3137 310 3189 canonice
329 3135 415 3199 magui
437 3134 526 3185 Basilii
547 3132 579 3184 ad
597 3133 821 3196 Amphimalion.
843 3133 919 3195 cujas
940 3131 1047 3181 memini
1065 3130 1113 3180 lib.
1126 3133 1150 3180 t.

151 3228 162 3258 ι
180 3218 237 3274 cap.
251 3211 277 3261 t.
289 3208 313 3275 s.
326 3208 352 3259 b.
366 3218 437 3259 num.
449 3208 474 3258 d.
487 3207 556 3270 bego
571 3207 651 3257 etiam
669 3217 726 3269 quae
744 3205 773 3255 id
784 3205 916 3255 admirans
928 3203 1008 3254 reteri
1019 3203 1153 3256 Cabassa·

148 3303 160 3332 ο
179 3283 234 3336 tius
244 3282 272 3332 in
284 3281 377 3333 notitia
389 3280 564 3332 conditorum
576 3287 636 3342 post
652 3278 787 3343 Spuopsim
804 3278 891 3329 seculi
906 3276 987 3328 tertii.

183 3373 194 3405 ι
211 3353 319 3407 videtur
332 3359 424 3416 postea
439 3353 546 3404 etiami
562 3352 665 3416 magnis
675 3351 832 3403 Doctoribus
847 3350 1012 3409 dubitatum,
1027 3359 1080 3400 non
1091 3348 1156 3411 pui-

149 3428 241 3481 rdem
262 3425 296 3477 de
317 3425 406 3476 miore
426 3422 585 3477 sacramenti
607 3437 656 3487 per
679 3424 835 3484 iimreticos,
856 3430 903 3474 ant
923 3423 1008 3474 maios
1031 3422 1156 3471 nomines

150 3518 162 3549 s
180 3497 337 3558 ministrati,
352 3496 401 3549 sed
412 3496 446 3548 de
459 3497 582 3550 efficacia.
593 3495 704 3559 lisseio,
713 3509 747 3550 aa
758 3497 787 3548 id
802 3495 951 3560 significare
966 3492 1078 3546 voluerit
1088 3527 1098 3552 ,
1107 3499 1157 3544 aut

150 3588 161 3618 ι
179 3570 269 3632 potins
288 3570 386 3619 reterre
405 3570 476 3632 qaod
491 3570 538 3620 aiii
557 3568 720 3629 domemus,
737 3571 916 3635 laustinus,
934 3566 998 3618 dam
1012 3562 1061 3617 tio·
1074 3563 1101 3613 d.
1118 3560 1156 3617 ds

150 3638 323 3704 »septimo
344 3651 407 3704 cap.
430 3641 472 3691 itt
495 3642 606 3703 ioquoos
626 3640 665 3692 de
684 3642 762 3697 melis
782 3644 897 3697 endam
916 3637 1046 3695 ministris
1068 3635 1156 3697 illiti·
