2617 4192
164 279 254 346 crssri
557 271 766 328 Disrmotiottis

164 369 250 420 niort.
260 369 298 419 lts
309 375 372 417 sino
384 379 393 417 r
405 362 503 415 stillas
514 375 548 414 no
557 364 713 430 sicquidem
723 362 825 415 deliniri
836 374 929 427 posse,
940 361 986 428 qui
995 375 1050 416 noo
1060 364 1167 418 ridesti

163 439 229 491 iiam
241 438 345 492 utoibil
360 437 394 489 de
408 437 463 489 iliis
479 436 668 500 questionibus
678 437 781 496 dicam,
792 448 871 499 super
880 435 978 499 quibus
992 436 1059 489 inter
1074 439 1167 492 Patres

163 523 326 576 ommim
345 509 480 570 contenit,
495 515 617 561 sexcenta
632 507 752 572 quotidie
767 506 847 559 dubia
866 515 1041 570 enrscuotor,
1053 522 1165 573 quornm

163 585 209 648 qni
222 584 248 634 ir
260 583 382 636 Patribus
392 590 491 647 querat
500 581 716 645 erpttcrtionem,
725 579 853 633 ridiculus
863 580 907 630 sit.
914 581 1019 635 llemiul
1032 584 1165 645 accepisse

162 666 206 707 trae
222 668 256 706 ex
272 655 423 708 doctissimo
440 654 568 712 bomine,
584 653 669 705 rirtrm
686 651 825 716 quemdam
839 651 1020 704 Ecclesiastiea
1035 654 1165 716 dignitate

162 730 330 794 conspicuum
340 728 404 793 ,qui
413 728 518 778 Petrum
530 726 701 788 Tbeoioqioro
711 725 822 789 singulis
831 737 897 789 pene
908 725 997 777 verbis
1008 726 1164 777 inclamabat

162 801 285 863 Arimini,
296 801 433 853 dubitasse
447 812 498 850 oon
512 799 610 850 multos
624 800 659 850 ab
677 800 737 850 binc
752 811 853 859 annos,
868 810 930 849 num
944 799 1062 850 censuris
1073 799 1164 864 impli-

160 873 231 925 citus
246 882 316 926 esset
329 889 337 924 ε
348 886 429 938 quum
445 880 533 922 notem
549 883 581 922 er
600 880 724 923 veterano
740 872 872 935 tbeotopo
891 878 1074 935 percunctatus
1091 880 1164 926 esset

162 944 226 1007 ilie,
238 947 303 1011 quid
314 946 371 1011 lpse
383 944 505 1005 sentirem
519 943 562 994 bic
574 957 636 994 rero
644 944 697 1007 joci
708 956 786 995 causa
799 943 976 1008 respondisset
987 943 1164 996 consulendos

160 1017 330 1080 Tertulliani,
348 1017 494 1073 baruntii,
508 1016 661 1078 Augustini.
679 1016 829 1075 Ambrosii,
850 1016 963 1077 Leonis,
978 1015 1069 1066 Basilii
1086 1015 1163 1067 codi-

160 1101 222 1149 ces,
234 1092 331 1142 bonurn
344 1091 418 1143 illum
430 1090 468 1140 ira
479 1088 608 1140 exarsisse
626 1088 756 1151 primum,
773 1087 869 1139 deinde
885 1087 1031 1151 composito
1043 1088 1162 1138 nonnihil

160 1162 249 1214 auimo
271 1163 410 1215 ronitstero
433 1175 507 1213 surm
527 1160 684 1224 agnovisse,
708 1169 787 1224 rtque
807 1159 942 1223 abjecisse.
962 1159 1029 1222 Quid
1050 1160 1084 1210 od
1106 1161 1163 1212 baec

160 1233 190 1284 Ρ.
204 1234 334 1286 concion
345 1234 383 1285 ait
394 1232 424 1298 (t.
438 1247 455 1284 r.
469 1246 558 1296 appar.
569 1246 596 1296 p.
607 1232 692 1296 itt),
704 1232 754 1283 boc
768 1232 840 1283 idem
857 1244 974 1284 asserere
985 1232 1161 1294 Lrttberanos,

159 1311 187 1356 et
205 1306 370 1358 calvinianos
388 1304 421 1355 de
438 1305 623 1359 controversiis
640 1317 699 1368 quae
719 1305 781 1355 illos
796 1304 884 1365 inter,
903 1311 931 1355 et
950 1317 999 1355 nos
1013 1304 1161 1356 catholicos

157 1378 300 1440 agitantur.
310 1379 391 1441 Quam
406 1378 433 1428 io
445 1390 500 1428 rem
514 1379 600 1429 adiert
614 1377 712 1428 diserto
724 1377 848 1428 lobannis
859 1377 946 1427 bollaei
959 1378 1037 1428 rerba
1049 1377 1162 1429 dicentis

158 1450 249 1501 Patres
265 1449 456 1502 controversias
474 1450 539 1501 lstas
551 1461 704 1516 oumqooot
713 1448 788 1515 scre,
801 1447 858 1501 oiri
867 1461 935 1501 coru
952 1452 1036 1515 utque
1053 1447 1159 1511 obiter,

159 1524 185 1582 rt
204 1519 284 1574 aliud
304 1525 435 1588 opertior,
454 1520 713 1586 nocimentorum
733 1522 861 1585 ipsemet,
879 1522 976 1586 quibus
995 1528 1162 1584 protegamur

159 1593 193 1644 tb
205 1594 255 1646 boc
267 1595 334 1654 telo,
346 1606 417 1645 truta
433 1596 558 1658 suggerit.
578 1595 658 1656 tlepar
674 1595 759 1654 enim,
776 1606 882 1645 acrore
899 1600 975 1658 negat
993 1593 1030 1658 (p.
1046 1593 1126 1658 itti,
1143 1596 1161 1647 a

159 1664 265 1718 Patrem
277 1664 384 1731 scriptis
401 1666 494 1718 abesse
508 1665 640 1717 doctrinas
650 1660 748 1729 quibus
760 1665 937 1716 baereticorum
950 1666 1070 1728 figmento
1084 1665 1160 1717 dete·

157 1746 261 1802 gantur.
279 1740 313 1793 At
330 1739 373 1791 cul
392 1739 513 1791 ostendet
533 1740 572 1788 rir
592 1738 727 1801 eruditos,
748 1738 904 1790 casuisticas
924 1738 1115 1789 controversias
1131 1739 1162 1792 in

159 1810 262 1863 Patroro
280 1812 356 1864 libris
372 1811 500 1876 reportrtt
511 1809 586 1862 Errat
597 1812 708 1862 baliscus
720 1825 728 1861 r
740 1822 828 1862 errore
846 1823 894 1861 nos
904 1808 955 1860 nisi
972 1808 1038 1859 alios
1055 1808 1089 1859 ab
1108 1811 1162 1875 iis,

157 1895 225 1949 qnos
244 1885 386 1943 babemus,
399 1885 503 1936 Petrum
520 1883 603 1934 libros
619 1883 748 1946 proterat,
765 1895 818 1933 non
830 1880 1161 1946 demonstmlritconcina,

158 1968 192 2007 ne
203 1957 322 2009 millenos
334 1957 439 2022 quidem
455 1957 479 2008 si
496 1955 611 2007 offundat
624 1955 772 2019 Tbeologiae
783 1955 935 2006 christiane
947 1961 1040 2004 tomos.
1053 1954 1160 2016 Quaeso,

157 2027 259 2083 Patrem
280 2029 394 2080 inveniat
407 2028 469 2094 (tino
486 2036 624 2079 contentus
642 2029 691 2079 boc
709 2027 828 2091 exemplo
846 2039 924 2077 conso
940 2025 1029 2077 eodum
1047 2027 1070 2076 si
1090 2026 1161 2078 inre·

156 2099 327 2164 coridonem
343 2100 571 2150 inveniatl‘atrcm
591 2101 636 2163 qni
658 2102 753 2150 trinum
774 2106 935 2151 contractum
952 2109 1037 2148 nsurae
1056 2107 1160 2161 arguat.

156 2173 189 2225 At
205 2173 295 2223 Patres
311 2184 415 2222 usuram
436 2171 567 2221 damnant.
581 2172 619 2223 lta
637 2185 701 2222 sane
722 2188 728 2221 ε
749 2172 791 2223 bic
807 2172 888 2235 igitur
906 2178 1054 2221 contractus
1073 2183 1160 2222 osurae

154 2241 305 2304 suspicione
325 2253 378 2292 oon
401 2241 492 2293 vaceti
515 2242 623 2304 Logici,
644 2249 756 2294 vestram
779 2243 865 2293 tidem.
886 2242 1006 2293 Ceterum
1026 2254 1105 2304 quum
1123 2254 1158 2292 eo

155 2313 259 2362 demum
278 2318 377 2375 spectet
394 2319 465 2363 tanta
480 2313 627 2377 ‘ilreoloqioe
645 2316 750 2366 Parrum
767 2315 901 2374 laudatio,
917 2320 947 2364 ut
963 2314 1084 2364 casuistae
1096 2313 1159 2363 Pro·

155 2382 287 2434 babilismi
307 2382 459 2435 defensores
479 2386 585 2435 Potrum
604 2387 684 2436 relrrti
707 2401 813 2447 osores,
832 2393 1075 2449 contemptoresque
1095 2397 1158 2447 per-

155 2454 279 2509 ditissimi
296 2456 482 2517 troducontur,
500 2458 630 2510 contendo
649 2459 769 2523 iniquam
785 2471 845 2511 esse
862 2459 1053 2509 accusationem
1065 2458 1157 2517 boios·

154 2528 226 2580 modi
235 2563 244 2589 ,
252 2536 330 2593 atque
339 2527 405 2581 adeo
415 2529 448 2579 ab
458 2529 573 2592 ipsorum
584 2531 688 2582 Patrum
698 2533 834 2591 instituto,
845 2531 1024 2595 doctrinisque
1032 2541 1156 2599 perquam

154 2601 276 2654 alienam,
484 2606 488 2613 '

186 2672 344 2737 llepetamus
366 2670 494 2736 tantisper
515 2672 603 2724 animo
620 2674 817 2723 celeberrimam
839 2671 925 2732 illum,
946 2683 1004 2734 quae
1022 2672 1157 2722 Atricanns

153 2747 297 2809 Ecclesiae,
316 2747 395 2799 etlam
414 2746 541 2798 Asiaticos
566 2746 612 2797 din
632 2746 734 2798 vexarit
757 2745 790 2796 de
812 2744 1005 2808 rebaptizandis
1027 2744 1156 2795 hereticis

153 2822 371 2881 controversiam,
382 2832 460 2885 quum
473 2820 517 2884 qui
530 2821 734 2870 commentitiam
745 2831 819 2877 esse,
830 2818 1030 2880 fabularumque
1041 2818 1154 2867 similem

152 2907 211 2945 cum
231 2894 260 2945 Ρ.
272 2893 392 2945 liissorio
413 2892 594 2954 contenderit,
604 2905 712 3015 ¹{taurios
732 2890 846 2941 inveniet
865 2902 919 2940 sure
938 2890 1075 2939 sententiae
1097 2889 1155 2939 sni·

151 2966 304 3031 iragatores.
325 2967 421 3018 lterum
439 2966 584 3015 abluendos
625 2967 779 3029 aptismote,
803 2963 848 3026 qul
870 2962 991 3012 Ecclesiae
1014 2961 1155 3012 catholice

150 3042 247 3090 bomon
266 3038 376 3098 darent,
400 3038 536 3088 baereticos
558 3039 682 3089 censebat
707 3050 765 3088 cum
790 3035 918 3086 Africanis
940 3034 997 3084 suis
1015 3034 1043 3083 Β.
1059 3035 1155 3097 liartyr

151 3112 302 3178 Cyprianus.
321 3113 382 3175 Quae
398 3111 505 3175 quidem
524 3111 644 3174 cypriani
662 3111 818 3174 opinionon
837 3110 918 3159 tutior
936 3107 1015 3157 modo
1030 3117 1104 3169 erat,
1124 3114 1155 3158 ot

150 3193 312 3251 compertum
324 3186 418 3249 cuique
435 3197 494 3237 esse
512 3190 612 3247 potest,
625 3185 671 3247 qui
691 3183 795 3233 tutioris
812 3181 944 3245 opinionis
962 3192 1055 3230 nomen
1073 3181 1153 3230 intel·

149 3260 229 3323 ligate
241 3258 289 3310 sed
306 3259 385 3313 etlam
402 3259 532 3308 contrario
549 3258 733 3320 probabilior,
747 3264 826 3320 rique
843 3254 909 3305 odeo
925 3261 994 3305 certa
1014 3253 1153 3304 ridebatur

149 3330 285 3381 Africanis.
301 3330 357 3392 Qua
376 3329 504 3380 derauso
523 3328 555 3379 od
577 3331 728 3392 Pompeium
749 3329 866 3379 scribens
885 3327 1028 3390 Cyprianus
1045 3326 1096 3390 Ep.
1110 3326 1153 3376 il.

148 3401 249 3456 Bolos.
263 3402 326 3454 edit.
341 3403 428 3466 njebat
441 3418 448 3454 r
463 3405 529 3476 Quo
545 3401 601 3454 isto
622 3401 772 3456 obstinatio
792 3404 846 3464 erl,
864 3412 956 3467 qucoc
971 3400 1153 3466 presumptio

149 3472 301 3525 iomanem
318 3473 496 3526 traditionem
512 3472 612 3526 diriore
629 3473 804 3542 dispositioni
823 3478 1002 3540 anteponere,
1017 3483 1067 3521 iter
1086 3470 1152 3522 uoi-

148 3545 317 3596 modocrtsrc
331 3544 491 3608 inciperam,
509 3550 535 3597 el
554 3545 641 3599 irorci
657 3551 760 3607 Deum,
778 3544 885 3612 quoties
898 3542 994 3596 divino
1012 3547 1152 3608 precepto
1177 3576 1180 3580 -

147 3613 246 3671 solvit,
270 3620 296 3667 et
319 3617 444 3682 proterit
465 3617 591 3669 romono
616 3619 756 3671 traditio?
777 3621 856 3670 Addit
874 3620 982 3679 August.
1007 3613 1053 3666 lib.
1071 3617 1097 3666 2.
1117 3615 1151 3667 rie

149 3683 293 3750 baptismo
309 3697 339 3735 tt.
355 3688 381 3737 ii.
399 3687 434 3736 ils
453 3690 612 3750 argumentis
630 3691 720 3740 uirum
737 3690 819 3742 tuisse
838 3689 958 3754 Cypriani
975 3688 1147 3744 senteutiam»
