2617 4192
448 233 520 287 Pore
538 234 588 287 lit.
605 230 790 303 ipotopetico.
1035 244 1113 296 ensis
1197 214 1208 231 ⁶

107 349 120 381 ι
141 341 220 396 quatu
238 326 387 386 resultem,
406 331 436 375 ut
454 324 523 379 torte
544 324 711 377 obsolescunt
728 324 779 387 ipsi
800 323 1049 388 permittentem
1069 333 1112 382 ri·

110 422 122 452 ι
141 403 251 461 dentur,
263 400 298 452 iis
308 435 316 460 ‚
327 399 372 462 oui
381 397 436 460 ism
446 404 521 449 crunt
530 395 701 457 διιιιιιιιι,
711 403 758 448 ιιι
768 397 967 459 lacrimarum
981 402 1112 466 mutarit,

110 496 122 523 ι
141 484 168 529 et
187 475 274 527 solum
295 469 480 523 interdicentes
497 468 594 533 proprii
612 468 719 520 ordinis
735 468 907 530 exercitium,
925 483 1113 539 tunsumque

108 568 119 597 ι
140 549 173 600 ad
191 546 313 599 ordinem
331 541 503 607 superiorem.
518 541 577 593 lieo
595 541 667 592 enim
686 548 748 592 snut
765 541 842 593 rerba
861 542 982 596 csnouln
1001 544 1074 599 Licet
1093 546 1113 599 d

104 617 242 674 Patribus
263 613 368 668 uostris
388 611 489 665 mireo
509 610 678 665 uectoritote
698 611 730 665 id
748 611 835 679 [nemi
857 612 1056 678 coustitutum,
1080 622 1114 671 ut

104 690 274 761 quicumque
292 684 446 746 socordes,
466 681 511 737 uei
532 682 625 737 terito
644 681 769 749 tiliorum
789 684 980 751 procreationi
999 702 1111 756 οριιιιι

104 765 176 818 dore
196 756 293 830 liutet
311 757 471 818 conuictos,
491 755 511 809 t
533 755 732 809 conmunione
749 755 897 811 dominico
917 757 1111 817 adsumetur.

105 840 162 891 iilos
181 841 274 887 tomen
291 830 356 885 iruic
371 827 540 882 districtioni
552 827 768 881 moderationem
783 828 955 891 udtiiertee,
966 837 993 885 et
1001 833 1112 900 justam

105 906 333 963 ecrmtitutionem
343 901 496 955 mollientes
505 936 513 959 .
523 900 553 952 id
563 900 745 959 dedecimus.
756 906 789 954 st
800 902 951 965 sacerdos,
963 905 1007 959 oet
1018 907 1110 962 unito

104 976 251 1048 eonjupoii
265 972 492 1041 concupiscentie
511 972 665 1034 introrsus,
682 971 726 1025 uei
743 972 762 1025 d
778 973 901 1039 filiorm
916 978 1111 1044 procreatione

104 1067 164 1107 non
181 1050 324 1107 montore,
343 1047 382 1100 ud
400 1045 529 1099 uiliorem
544 1043 664 1112 modum
679 1058 739 1097 non
752 1044 905 1108 ascendut,
924 1062 1011 1116 neque
1022 1051 1111 1104 sorri-

13 1170 14 1183 ]
105 1125 200 1194 licium
218 1125 274 1177 Deo
293 1119 390 1187 offerre
407 1117 450 1171 uei
470 1116 544 1184 picit
562 1116 724 1170 ministrare
743 1122 904 1184 proruunt.
925 1121 1049 1188 supinet
1067 1123 1111 1176 dis

13 1200 14 1249 3
105 1201 237 1256 torturi,
258 1199 290 1246 ut
311 1193 329 1246 d
354 1190 546 1246 communione
568 1203 627 1241 non
650 1188 806 1255 cfficiuntur
831 1189 927 1245 alieni.
950 1195 1032 1257 igitur
1052 1207 1109 1247 rou

103 1268 264 1325 desistentes
285 1267 318 1319 ad
338 1266 553 1319 communionem
564 1263 723 1314 dominicam
738 1262 951 1318 admittebantur.
965 1266 1032 1331 lingo
1051 1279 1110 1320 nott

13 1348 15 1375 ;
105 1340 264 1395 detinentes
279 1340 385 1393 minime
404 1351 511 1402 peccaro
528 1336 701 1400 potulentum
711 1349 774 1400 ergo
791 1345 865 1389 erant
879 1351 911 1391 ea
922 1340 1010 1405 tepea
1025 1342 1107 1395 Patri·

13 1410 15 1495 L
83 1418 157 1471 'bus
173 1416 262 1475 scinu.

13 1536 14 1551 ι
141 1533 153 1564 s
169 1516 275 1571 ὓιιιιιιι
289 1522 366 1577 qutun
378 1523 468 1575 parum
483 1515 622 1572 comperte
637 1507 744 1559 luerunt
758 1507 821 1559 oiim
832 1521 884 1561 nou
901 1511 998 1575 populo
1008 1513 1107 1579 solum,

13 1572 15 1641 ἶ
107 1607 118 1637 ι
140 1588 187 1640 sed
209 1586 299 1638 multis
312 1583 475 1647 ,unctoribus
495 1582 567 1644 leges
589 1581 749 1644 pertinentes
767 1581 800 1631 ad
820 1582 1023 1647 Matrimonium,
1044 1601 1110 1639 con·

107 1660 234 1723 siugulis
260 1656 321 1709 iidei
341 1656 540 1720 probationem,
566 1664 675 1716 mulque
696 1652 902 1714 continentiam,
926 1669 977 1719 qua
998 1660 1109 1723 quisque

108 1752 118 1781 ι
139 1733 219 1783 debet
237 1730 253 1783 a
274 1728 431 1793 quibusdam
453 1725 632 1789 uoluptatibus
652 1725 805 1775 abstineret
826 1726 983 1780 Permittunt
1001 1731 1107 1793 quidem

106 1824 117 1853 ι
135 1807 196 1870 jura
208 1803 236 1854 in
251 1801 383 1865 aliquibus
399 1798 503 1850 casibus
514 1806 573 1861 post
587 1798 731 1860 legitimum
745 1798 937 1849 liatrimcnium
950 1799 1106 1865 divortium,

105 1895 116 1925 ι
138 1875 269 1941 separatis
279 1880 366 1924 autem
377 1872 531 1934 coniugibus
541 1870 607 1920 allas
618 1870 686 1921 inire
697 1869 801 1932 nuptias
814 1869 962 1933 probibent.
975 1873 1004 1923 ld
1020 1880 1107 1927 umen

105 1969 116 1998 ι
138 1946 283 2013 permisere
302 1942 441 1994 Christiani
464 1943 647 2007 imperatores,
669 1949 698 1993 ut
717 1948 819 1993 constet
840 1954 873 1992 ex
896 1943 924 1993 c.
945 1943 1107 2000 tustiuiaueo

106 2041 118 2069 ι
142 2018 186 2070 tit.
198 2016 234 2069 de
250 2011 381 2081 repudiis.
396 2014 426 2064 lit
442 2015 559 2077 quamtis
574 2014 688 2065 Barbosa
704 2014 732 2064 d.
743 2015 830 2065 soluto
841 2015 1004 2068 listrimonio
1014 2018 1040 2069 2.
1053 2032 1108 2082 par.

104 2113 116 2142 ι
137 2090 237 2143 rubrio.
252 2101 323 2139 num.
336 2087 376 2138 iti.
392 2086 473 2146 dicat,
489 2087 517 2137 id
536 2088 621 2137 solutu
639 2088 720 2138 luisse
738 2088 894 2150 permissum
910 2090 944 2141 ad
960 2089 1106 2154 impedien-

105 2184 114 2211 ι
136 2165 200 2216 dum
216 2161 300 2225 maius
313 2161 424 2220 maium,
444 2159 517 2210 addit
534 2165 620 2209 tumen
638 2161 764 2210 iuncturi
781 2160 896 2212 Ecclesia
914 2162 1106 2215 indissolubili·

106 2255 117 2284 s
138 2242 219 2287 tatem
236 2232 393 2287 ilatrimonii
410 2245 462 2282 nou
479 2233 516 2281 ita
532 2239 602 2281 arcte
618 2231 700 2284 luisse
716 2233 888 2294 intellectam,
908 2242 937 2286 ut
951 2236 1106 2301 intelligitur

106 2307 230 2368 enode,
253 2307 371 2369 aliosque
394 2304 566 2368 provinciales
586 2304 729 2368 Episcopus
750 2313 856 2368 putasse
871 2307 970 2370 insttuu
991 2310 1106 2376 aliquant

104 2399 115 2429 ι
135 2392 239 2432 causam
251 2378 325 2438 dare,
339 2390 371 2428 ex
383 2390 434 2442 qua
447 2377 524 2427 liceat
535 2376 652 2427 libellum
663 2377 766 2441 repudii
778 2378 843 2429 dari.

137 2473 202 2527 ulli
224 2472 399 2527 morineiales
418 2471 540 2535 Episcopi
565 2471 633 2524 iorte
656 2472 730 2526 tuere
750 2474 841 2526 Patres
861 2474 970 2528 concilii
988 2477 1105 2531 Venetici

105 2566 115 2596 r
135 2547 259 2601 celebrati
280 2548 307 2597 iu
327 2544 419 2597 Galliis
440 2557 501 2594 ann.
522 2544 571 2595 its
589 2551 616 2595 et
635 2545 725 2597 Patres
745 2547 854 2599 concilii
874 2554 964 2610 postea
981 2550 1106 2603 celebrati

105 2639 115 2667 ι
136 2619 205 2684 apud
213 2619 367 2671 vermerias.
380 2616 421 2668 liii
436 2615 568 2679 siquidem
585 2617 655 2668 intcr
674 2630 775 2669 morum
794 2620 953 2682 corruptelas
970 2620 998 2671 id
1014 2634 1107 2673 recen-

104 2712 114 2741 ι
135 2698 212 2755 sent,
229 2692 300 2757 quod
323 2691 405 2754 aliqui
432 2689 531 2739 relictis
550 2690 664 2753 propriis
681 2690 807 2741 uxoribus
822 2697 946 2754 tauquam
964 2691 1105 2755 adulteris,

104 2784 114 2811 t
135 2765 201 2817 alias
218 2764 342 2816 ducerent
358 2761 418 2813 eine
433 2758 599 2827 probatione
618 2759 842 2826 adulteriisque
860 2763 962 2813 videtur
980 2764 1104 2827 innuere,

103 2854 113 2882 ι
134 2837 164 2887 id
175 2838 255 2889 licere
273 2837 296 2887 si
315 2836 441 2899 probetur
456 2834 623 2885 adulterium.
636 2833 668 2884 lii
683 2846 763 2895 uero,
780 2842 810 2886 ut
826 2834 938 2887 retertur
954 2835 982 2887 in
999 2836 1106 2890 liecrcto

102 2927 112 2956 t
133 2906 220 2974 cupit.
238 2907 269 2961 si
283 2920 341 2975 quo
358 2904 460 2958 mulier
476 2907 519 2957 di.
532 2910 626 2972 quest.
640 2907 665 2956 7.
678 2906 717 2956 sic
729 2906 855 2957 deliniunt
868 2920 875 2955 ε
887 2904 918 2959 si
933 2919 989 2972 ouo
1006 2907 1108 2961 molier

98 2978 130 3031 in
140 2984 259 3033 mortem
271 2980 316 3032 sui
325 2978 423 3032 moniti
431 2977 581 3031 conmlioto
594 2977 631 3030 rit
642 2991 705 3030 cum
718 2977 796 3037 otiis,
811 2985 837 3031 et
850 2977 908 3045 ipse
917 2978 961 3030 uir
977 2994 1005 3033 re
1015 2981 1107 3048 detor·

98 3044 191 3106 dendo
202 3052 322 3120 eliqueret
338 3049 454 3104 iliorum
472 3049 619 3109 occiderit,
637 3048 662 3101 si
677 3049 797 3116 prodere
810 3055 904 3117 potest
913 3049 1029 3112 ilieuir,
1044 3066 1106 3105 eom
1156 3074 1158 3077 ·

13 3144 14 3147 “
97 3137 179 3177 neom
197 3137 254 3176 erse
270 3122 390 3183 conniti,
401 3126 493 3191 potest
510 3123 550 3189 (ut
566 3124 643 3174 nobis
656 3122 767 3187 uidetur)
786 3123 871 3186 ipsam
890 3136 998 3175 uxorem
1013 3125 1104 3177 dimit·

99 3219 110 3247 ι
131 3209 203 3262 tere,
222 3208 266 3260 et,
280 3201 303 3251 si
324 3200 452 3259 voluerii,
471 3198 549 3249 aliam
569 3197 674 3250 ducere.
691 3197 720 3248 ld
739 3211 791 3248 non
810 3197 890 3250 licere
907 3200 1028 3267 cognouit
1044 3201 1104 3265 qui-

99 3292 108 3319 ι
129 3273 193 3324 dem
215 3271 241 3322 S.
262 3273 422 3336 Augustinus
443 3268 489 3322 lto.
511 3269 544 3322 de
561 3269 631 3335 tide,
652 3274 678 3322 et
699 3268 828 3337 operibus
846 3283 908 3338 cop.
929 3272 971 3322 iil.
987 3273 1033 3322 scd
1049 3286 1104 3325 rem

98 3357 193 3396 »esse
220 3343 287 3396 adeo
315 3345 453 3397 obscurum
475 3343 598 3407 putavit,
628 3349 657 3395 ut
677 3343 735 3408 eius
761 3344 950 3410 ignorationem
977 3346 1105 3398 venialem

98 3434 108 3464 s
131 3422 216 3468 uocet.

85 3526 88 3531 ·
131 3522 144 3553 ι
165 3504 213 3556 ilie
230 3503 308 3557 etiam
325 3507 468 3557 multorum
486 3504 642 3566 emuniuit,
660 3513 688 3558 et
708 3506 777 3559 torte
793 3522 826 3561 ex
846 3508 926 3561 simili
941 3520 1020 3559 causa
1037 3519 1102 3572 pro·

96 3598 107 3624 ι
128 3577 231 3638 iectus,
250 3589 343 3641 nempe
360 3591 393 3630 ex
412 3578 516 3640 iegibus
535 3579 739 3641 imperatorum,
757 3581 846 3643 quod,
861 3583 922 3646 quia
940 3582 974 3633 ab
992 3581 1034 3633 itis
1049 3596 1103 3635 nou

96 3669 105 3696 ι
126 3661 204 3716 aeque
223 3650 262 3702 tir
278 3650 380 3705 adulter
397 3663 427 3706 ae
445 3662 510 3703 uuor
527 3649 646 3704 adultera
662 3653 833 3716 proiciatur,
845 3654 934 3707 liceret
949 3654 1013 3707 uiris
1027 3655 1106 3708 ndul-
