2617 4192
451 226 457 237 ,
492 182 567 241 Pers
583 181 620 239 11.
632 180 788 241 mianum
1002 156 1006 165 ’
1089 196 1139 245 ter

127 277 258 343 mrum,
269 283 301 331 eb
315 274 467 331 mutusne
482 273 629 337 theologie
647 274 810 338 generaliora
827 273 973 340 principia,
992 278 1019 329 ln
1038 280 1136 344 quibua

128 351 368 416 ltcumgt-omnes
385 346 439 397 sibl
456 346 622 399 consentiunt
642 347 704 411 (nisi
722 354 812 399 eontra
831 346 966 401 hereticos
983 358 1070 402 sermo
1085 354 1134 417 sit,

127 424 202 489 qnod
213 422 319 487 quiden
330 419 374 473 ria
381 418 506 482 Theologi
519 418 625 470 moralis
636 431 695 470 esse
706 418 802 485 potest)
811 419 1010 484 intemperantis
1021 423 1135 476 hominis

128 502 186 557 est,
199 502 227 547 et
237 490 393 547 eruditionis
403 491 500 542 tamam
515 491 659 554 captantis;
676 503 785 557 arguere
799 504 880 552 tero,
893 493 940 557 qui
951 504 1028 545 secus
1042 501 1132 559 agant,

126 567 276 621 stultissimi
293 572 349 625 est,
361 571 389 617 et
404 563 648 627 imprudentissimi.

160 640 247 692 canon
256 640 287 690 v.
299 640 360 702 Qun
373 650 407 689 ex
420 638 525 689 Patrum
537 636 668 698 homiliis,
681 634 801 687 asceticis
813 635 906 701 libris,
919 645 946 691 et
958 638 1133 703 orationihus,

124 712 208 776 idque
229 726 312 778 genus
333 709 578 770 lucubrationibus,
602 722 654 759 uon
680 721 738 758 eam
756 707 889 773 theologo
914 710 993 762 tidem
1014 711 1133 775 iaciunt,

125 787 320 852 quamquem
339 784 497 848 Dogmaticis
516 782 749 842 instructionibus,
768 783 889 845 epistolis
906 790 957 835 eto.
974 783 1060 836 tacere
1076 798 1134 849 pos·

125 863 272 914 sitnisiiaur
286 861 369 912 multa
384 859 412 910 in
424 858 553 922 eiusmodi
566 856 643 909 llhris
653 857 836 921 exaggeratius
847 857 1033 922 proteruntur:
1049 870 1134 923 neque

123 934 153 987 id
167 934 280 995 minim,
294 946 374 996 quum
386 931 539 982 Oratoribus
552 930 675 980 omnrhus
687 929 714 979 ld
731 930 847 980 solemne
858 930 894 982 sit
908 944 916 979 ι
933 932 1015 984 multa
1028 942 1134 995 quoquo

123 1005 268 1056 consilium
276 1005 365 1068 potius
376 1008 510 1067 spectent,
525 1014 603 1066 quam
618 1001 814 1065 preceptiones.
825 1002 888 1053 lleie
899 1003 993 1054 iterum
1007 1003 1134 1054 exclamat

124 1076 241 1127 concina
252 1089 280 1139 p.
292 1077 403 1128 illinon
420 1076 496 1125 aliter
508 1074 629 1131 liallaeum
647 1074 751 1123 Patrum
762 1073 911 1125 testimonla
925 1087 974 1139 pro
990 1074 1132 1127 catholicis

124 1148 297 1213 dogmatibus
305 1147 435 1199 declinere
445 1183 453 1206 ,
465 1159 543 1210 quam
557 1145 618 1196 illos
629 1144 742 1195 dicendo
752 1144 899 1198 Rhetoricis
909 1147 1039 1210 flosculis,
1053 1154 1132 1212 atque

125 1220 373 1286 amptrueattonihns
385 1219 515 1272 (iraterils
533 1231 602 1281 saepe
617 1229 681 1268 usos
694 1217 785 1268 tuisse.
799 1220 833 1270 lt
846 1231 895 1282 ego
912 1221 1023 1292 primurn
1036 1221 1130 1280 miror,

122 1293 179 1345 berc
193 1294 272 1346 nobis
291 1294 327 1344 ab
343 1306 377 1344 eo
395 1293 502 1344 homine
520 1290 619 1354 objici,
638 1290 684 1354 qui
707 1303 733 1353 p.
752 1289 810 1341 tei.
824 1288 1002 1356 christophori
1019 1295 1131 1346 llatthaei

123 1365 207 1416 Plauti
225 1366 304 1418 rerba
317 1365 428 1425 recitat,
442 1364 556 1424 heretici
577 1375 671 1425 nempe
687 1361 863 1425 Professoris,
877 1366 919 1416 cui
932 1366 1053 1418 scandalo
1070 1375 1132 1419 eunt

122 1437 361 1498 usstandands,
373 1435 530 1489 attritionis
542 1432 707 1502 sufficientia
721 1439 770 1486 ete.
787 1438 850 1502 quid
866 1439 936 1489 enim
953 1440 977 1490 si
992 1440 1130 1492 concinam

124 1525 230 1575 urgeam
245 1513 296 1564 hoo
312 1509 483 1574 argumento?
496 1506 538 1561 tit
555 1511 655 1569 Pater,
672 1520 730 1560 nott
743 1509 829 1575 pudet
847 1513 873 1563 tc
884 1508 1130 1576 Probabilirntttm,

122 1583 279 1636 attritionis
291 1580 482 1650 summentium
495 1584 553 1632 tam
566 1579 669 1633 center
678 1581 831 1634 inscctari?
839 1582 872 1635 ld
879 1583 978 1643 ctiam,
990 1582 1016 1636 ti
1025 1583 1129 1646 meme,

121 1655 244 1708 ltoerctt'ci
262 1654 372 1722 [uniunt
388 1670 396 1705 ε
412 1653 514 1706 lterum
534 1657 564 1704 ttt
584 1665 699 1719 tepuere
718 1652 855 1719 vestipiu?
870 1655 968 1707 Deinde
984 1656 1061 1719 plane
1077 1668 1130 1708 non

120 1729 261 1792 intelligo,
278 1730 324 1793 qui
342 1727 401 1778 lieri
423 1727 551 1791 potuerit,
572 1732 602 1776 ut
624 1732 664 1778 tot
682 1726 811 1778 librorum
831 1734 935 1798 auctor,
956 1734 1045 1779 tantus
1065 1739 1129 1779 con·

120 1803 261 1861 cionator,
282 1809 336 1852 tam
355 1801 506 1867 ingeniosos
528 1800 809 1863 rhodomensem,
831 1800 914 1851 latum
938 1812 992 1851 non
1013 1800 1129 1864 viderit,

120 1872 250 1924 liellaeum
265 1872 351 1932 inter,
365 1879 393 1923 et
402 1885 452 1921 nos
464 1872 686 1936 quodintercedit
700 1871 850 1923 discrimen.
862 1873 892 1923 ln
908 1872 1037 1934 homiliis,
1052 1879 1130 1937 atque

121 1945 153 1995 id
174 1955 258 2007 genus
274 1943 466 1995 commentariis
482 1945 530 1995 etsi
546 1944 692 1996 Rhetorice
713 1944 763 1995 arti
783 1943 936 2008 indulgeant
953 1944 1059 2005 latres,
1077 1957 1131 1996 non

121 2030 156 2070 ee
168 2023 255 2068 tamen
266 2016 324 2068 sine
335 2017 443 2068 crimine
456 2023 595 2080 potuerunt
606 2016 737 2069 credenda
753 2028 917 2082 proponere,
935 2027 992 2079 qnae
1008 2024 1096 2068 essem
1114 2021 1130 2071 a

121 2088 257 2142 catholica
278 2088 330 2140 tide
348 2089 431 2141 aliena
451 2104 458 2140 ε
482 2098 570 2143 contra
590 2103 746 2154 quamquam
767 2102 802 2141 ne
822 2103 853 2142 ea
873 2089 980 2153 quidem
996 2091 1131 2155 potuerint

120 2162 235 2214 edocere
250 2160 383 2224 iacienda,
404 2174 460 2226 que
476 2175 538 2213 cum
556 2163 711 2214 christianis
728 2161 833 2226 legibus
853 2168 969 2226 pugnant
986 2161 1082 2228 (neque
1099 2162 1128 2215 td

119 2235 193 2287 nllus
211 2234 326 2300 negabit)
346 2234 379 2285 ad
397 2236 441 2286 illa
458 2235 558 2286 hortari
579 2236 656 2287 tacite
677 2243 799 2299 poterant
818 2236 953 2287 auditores
969 2247 1049 2299 anos,
1070 2249 1128 2302 quac

119 2307 244 2372 presepe
258 2321 311 2360 xton
326 2313 404 2369 suut,
416 2307 463 2359 sed
481 2308 600 2370 consilii,
616 2309 724 2372 illisque
741 2309 774 2360 sd
790 2308 818 2359 id
832 2309 871 2361 nti
888 2309 1128 2374 exaggerationibus

119 2380 222 2441 uerbis,
241 2393 299 2444 quae
317 2389 474 2445 praeceptum
495 2382 579 2444 prima
600 2382 686 2434 ironte
704 2383 854 2435 exhibeant.
875 2382 913 2434 lin
933 2396 979 2434 cur
997 2385 1127 2448 eiusmodi

120 2453 270 2504 testimonla
281 2453 393 2505 minoris
401 2454 455 2504 sint
466 2454 535 2517 apud
544 2456 665 2507 lloralern
677 2457 850 2520 Theotmum,
862 2457 937 2520 eujus
947 2462 989 2507 est
998 2468 1051 2508 uon
1061 2459 1127 2521 quid

120 2524 216 2576 melius
230 2524 425 2589 perfectiusque
443 2526 493 2586 sit,
513 2527 558 2576 sed
574 2528 637 2590 qnid
654 2529 745 2590 liceat,
757 2531 827 2581 salua
839 2529 911 2593 lege,
923 2527 1085 2590 disquirere..

151 2597 241 2648 canon
260 2597 303 2648 l'l.
320 2598 496 2656 inconsultum
512 2607 553 2650 est
571 2612 603 2650 ea
618 2602 723 2652 Petrum
741 2602 798 2653 loca
817 2602 947 2664 seligere,
968 2600 1014 2650 ubi
1033 2601 1125 2653 Patres

120 2668 194 2720 allud
216 2669 323 2720 omnino
346 2676 508 2729 tractantes,
528 2671 629 2736 aliquid
651 2673 789 2724 occasione
808 2678 914 2734 accepta
938 2669 973 2720 de
995 2671 1127 2726 alterare

118 2741 212 2806 paucis
228 2742 357 2804 indicant,
374 2741 411 2794 iis
427 2743 566 2807 neglectis,
583 2745 630 2796 ubi
646 2745 713 2797 hanc
733 2746 866 2797 materiam
882 2756 918 2795 ex
932 2741 1052 2805 professo
1063 2756 1126 2796 exa-

119 2815 229 2865 minent.

154 2887 242 2937 canou
262 2887 316 2938 vll.
340 2886 370 2939 ln
391 2886 496 2939 bairum
517 2902 596 2943 sensu
621 2889 802 2953 investigando
829 2889 869 2939 hae
894 2886 1007 2940 maximo
1030 2889 1126 2952 regulae

120 2957 256 3010 servande
271 2964 340 3010 sunt.
359 2960 379 3011 l.
397 2959 457 3021 Qun
475 2963 502 3012 in
516 2963 596 3023 libri,
608 2964 648 3014 rel
668 2963 763 3025 eapitis
779 2968 902 3013 contextu
917 2965 993 3020 sunt,
1005 2961 1129 3012 conside·

119 3030 206 3082 nanda
216 3029 360 3094 diligenter.
373 3033 406 3084 ll.
417 3033 539 3095 Similes,
556 3043 584 3086 et
600 3036 744 3086 dissimiles
758 3035 811 3085 loei
828 3034 947 3097 ejusdem
963 3033 1050 3084 Patris
1067 3045 1128 3085 cott-

118 3101 234 3156 lerendi.
250 3104 294 3154 lll.
305 3105 497 3169 Tempus,quo
512 3108 580 3159 liber
595 3109 640 3159 ille
653 3109 771 3159 editusa
789 3109 865 3158 Patre
882 3106 1025 3169 quopiam,
1040 3112 1126 3157 atten-

119 3176 245 3228 dendum.
269 3176 332 3227 llam
356 3179 433 3229 tacite
454 3191 487 3230 ex
512 3180 647 3232 occasione
672 3179 804 3230 scribendi
825 3179 887 3229 libri
913 3191 987 3229 meus
1009 3178 1124 3230 auctoris

119 3248 285 3300 innotesoetr
303 3249 480 3315 intelligemus
497 3252 593 3313 etiam,
607 3265 671 3303 num
686 3253 797 3302 tortasse
813 3262 845 3302 eo
857 3258 974 3313 tempore
990 3256 1064 3313 pater
1075 3250 1123 3301 ille

117 3328 298 3385 prmooneepta
315 3323 403 3388 aliqua
421 3324 544 3386 opinione
561 3332 703 3388 occupatus
719 3324 813 3385 tuerit,
832 3336 911 3387 quam
927 3330 1019 3385 postea
1040 3323 1127 3386 ipsum

118 3397 226 3448 esurisse
243 3397 397 3460 probabile,
414 3399 555 3452 autetiam
572 3407 671 3451 certum
690 3399 735 3449 sit.
748 3399 788 3450 lli.
801 3399 873 3450 illios
890 3405 977 3463 patres
996 3397 1075 3458 huic,
1092 3397 1127 3450 do

119 3470 196 3533 eujus
216 3474 305 3520 mente
326 3469 482 3534 querimus,
503 3471 663 3536 synchronos
681 3472 863 3534 consulemus;
883 3471 948 3536 quid
967 3471 1037 3522 enim
1059 3470 1127 3533 hoc,

119 3543 162 3592 rel
184 3540 232 3592 illo
253 3541 365 3603 seculo,
384 3555 415 3594 ea
434 3543 474 3594 rel
494 3542 544 3594 ista·
563 3557 614 3594 roa
635 3544 805 3607 significarit,
826 3557 880 3610 quo
901 3549 1019 3608 spectare
1041 3544 1127 3605 possit

118 3613 213 3678 hujus,
227 3613 270 3665 rel
286 3614 395 3667 atterius
409 3616 491 3669 moris
505 3618 623 3681 uotttlo,
640 3617 744 3671 troilius
756 3619 955 3684 comperiemus.
974 3616 1126 3683 Exemplum
