2617 4192
160 249 226 313 caiti
556 245 766 301 &emtionis

160 344 427 414 offensem
434 344 638 413 corruptrices:
648 344 945 409 nihiloseciusl’ntres,
955 352 981 400 et
989 346 1168 404 subidioirti

157 431 300 486 peccam
321 417 520 485 marsque
537 418 630 471 etatis
647 419 680 471 in
699 419 794 473 eodeni
813 419 984 473 detonarent
999 420 1085 484 citio,
1102 436 1166 490 qun

161 496 229 545 nate
235 491 408 559 pretemptat
425 491 754 546 meruissectobonttss
769 492 830 546 olii.
847 495 905 546 lianc
921 499 1082 561 argumenti,
1092 500 1164 562 quod

161 579 210 617 nan
232 579 305 618 moro
327 566 454 617 detonans
475 566 615 630 anplldcat
636 567 767 627 (bocina,
788 578 888 619 summa
908 577 958 620 est.
981 571 1020 621 dd
1038 573 1164 635 populum

162 639 298 703 phaleras,
316 640 354 690 ml
371 640 521 691 Reverende
540 640 689 692 dbriatiane
706 642 846 705 Tbeolnge.
868 641 923 692 Etsi
942 643 1057 695 cenobia
1075 645 1166 708 plnoes

159 712 347 780 promum
360 709 506 779 opittim
520 725 632 764 matrs
648 713 853 781 corruptrices,
871 715 980 783 eadem,
998 716 1031 767 ad
1048 730 1106 780 que
1118 730 1167 781 per

161 785 221 836 ilias
232 788 338 850 patebat
350 787 455 846 aditus,
473 788 537 838 uitia
555 788 589 838 ab
603 787 666 838 allis
683 800 735 837 nou
752 789 839 838 minus
859 789 1014 850 perniciosis
1033 791 1166 853 opinioni·

161 859 214 910 bus
229 862 316 911 enasel
333 867 484 925 potuerunt.
499 861 563 910 liam
581 872 640 927 qun
653 860 780 912 hactenns
801 861 952 925 proscriptis
966 870 1028 913 sunt
1043 864 1113 927 qnod
1131 863 1166 913 ad

162 944 252 984 mores
273 935 367 985 attinet
390 935 601 998 propositiones,
624 935 771 996 singulares
795 934 878 984 imme
906 941 986 996 sunt,
1008 948 1066 999 qen
1084 949 1166 988 unum

161 1006 409 1058 alteramue‘titiunn
421 1044 429 1065 ,
439 1015 576 1059 autunum
587 1008 726 1058 alteramve
737 1007 890 1057 admittendi
903 1009 1048 1071 cuiuspiam
1058 1010 1166 1060 sceleris

161 1080 290 1130 rationem
309 1082 471 1145 spectabant.
492 1082 581 1144 Longe
599 1081 650 1133 alla
672 1088 714 1130 est
734 1080 918 1131 Probabilisml
938 1079 1062 1133 conditio.
1080 1082 1166 1144 Quom

161 1153 232 1203 onlnr
242 1153 389 1205 universam
404 1154 551 1205 doctrinan
572 1166 674 1204 morum
689 1151 801 1213 inliciat,
814 1158 895 1216 quum
912 1154 1026 1204 omnium
1039 1155 1166 1206 meierum

163 1227 332 1288 procreatrix·
350 1225 479 1278 sententia
500 1226 555 1287 sit,
576 1227 729 1278 (ibristiann
748 1226 831 1277 omnis
852 1226 999 1289 'lbcologiae
1019 1227 1118 1289 pestis,
1138 1234 1168 1279 et

162 1300 251 1362 siquid
267 1301 363 1364 peius,
381 1301 429 1351 illo
447 1300 567 1362 satblatn,
585 1309 665 1364 atque
683 1299 936 1365 antiprobabillstiea
952 1300 1091 1363 Theoloqia
1110 1301 1166 1352 late

161 1381 299 1436 peruagata
313 1386 363 1437 pen
371 1374 512 1424 Galliarum
523 1374 641 1438 Regnum
652 1411 661 1435 ,
674 1373 740 1441 nibil
750 1373 879 1436 reliquum
888 1374 943 1436 jaan
954 1385 1013 1425 esse
1023 1373 1165 1435 debuerat,

161 1446 301 1509 quominus
321 1445 383 1496 uitia
404 1447 492 1496 omnia
512 1446 572 1497 inde
591 1448 618 1497 in
638 1447 747 1497 miseras
764 1446 824 1496 illas
841 1446 974 1508 regiones,
992 1456 1049 1509 quas
1064 1445 1167 1496 Proba-

162 1518 267 1569 biilsmo
284 1519 427 1569 etianuuum
445 1526 552 1582 parent,
567 1526 680 1583 stragem
696 1519 801 1570 allatam
819 1517 985 1581 diffugerent.
995 1518 1040 1568 llis
1057 1518 1167 1589 bainsoe

117 1620 121 1626 ·
161 1592 307 1653 maenti
327 1592 452 1642 declinari
464 1605 516 1643 non
534 1599 621 1657 potest
636 1591 909 1655 interrogatiunculis,
924 1590 1059 1652 dicteriis,
1074 1591 1168 1641 conii·

162 1664 221 1715 uiis.
232 1664 315 1716 Atrei
326 1664 390 1715 bine
404 1664 508 1716 discant
525 1664 629 1716 taudem
640 1664 774 1727 vaniloqui
788 1664 910 1714 borsines
921 1676 952 1714 os
963 1675 1040 1715 snum
1050 1662 1167 1726 compri-

163 1749 251 1796 mere,
264 1749 350 1801 neque
361 1739 377 1788 a
389 1739 594 1799 lirobabllisnnm
608 1738 682 1789 seda
694 1738 775 1800 lapse
783 1743 884 1787 naturae
894 1743 988 1786 nostre
999 1736 1166 1796 indemitate3

164 1816 192 1859 ot
208 1809 346 1861 allectuum
361 1819 509 1861 nostrorum
526 1813 566 1872 ri,
584 1818 664 1875 utque
677 1810 891 1873 intemperantia,
902 1807 1024 1860 uitiorum
1038 1807 1169 1873 originem

162 1883 312 1950 intelligant
323 1895 386 1936 esse
397 1883 552 1937 ducendam.
564 1884 604 1936 ild
620 1885 672 1936 alla
687 1896 808 1948 propero.

566 2105 688 2165 CAPUT
706 2106 759 2166 lx.

211 2306 277 2368 ilia
301 2308 333 2367 in
352 2308 496 2369 Gasuistss
514 2309 682 2370 criminatio
704 2309 883 2387 depellitur,
906 2327 1070 2388 eorumque
1086 2288 1118 2368 in

270 2398 437 2460 Pontificius
455 2401 620 2461 sanctiones
640 2402 806 2461 reverentis
824 2402 1054 2464 demonstratur.

164 2589 232 2715 Ar
245 2661 308 2726 quid
323 2660 357 2712 de
372 2660 479 2725 querela
495 2656 555 2719 illa,
567 2671 626 2724 quae
637 2649 736 2715 nostris
752 2660 826 2711 bisce
841 2658 1004 2722 temporibus
1020 2659 1171 2722 percrebuit

163 2736 288 2796 maxime,
302 2734 433 2786 casuistas
448 2745 481 2784 ex
499 2733 605 2784 illorum
623 2734 722 2791 classe.
743 2733 788 2795 qui
808 2731 1026 2795 probabilismum
1046 2736 1169 2791 tuentur,

164 2810 251 2860 minus
269 2813 416 2859 reuerentes
428 2819 487 2859 esse
500 2818 561 2870 erga
575 2804 729 2856 Pontificum
745 2802 966 2856 constitutiones?
981 2802 1044 2854 llibl
1061 2801 1170 2866 quidem

164 2882 230 2932 nibil
250 2893 281 2930 ea
302 2880 426 2943 injustius
441 2879 526 2929 uisum
546 2884 588 2929 est
607 2891 739 2941 unquam,
759 2876 938 2940 impudentius
957 2875 1031 2927 nihil.
1051 2874 1169 2936 Etenim,

164 2962 194 3006 ut
214 2954 246 3003 de
269 2953 347 3015 buius
366 2951 539 3003 accusationis
560 2950 675 3002 falsitate
695 2950 808 3013 primum
829 2949 929 3009 dicam,
949 2949 1057 2999 consule
1078 2958 1168 3010 quaeso

164 3026 295 3079 casulatus
320 3025 450 3088 eiusmodi
474 3036 582 3083 omnes,
603 3024 649 3087 qui
671 3030 761 3085 postea
783 3022 887 3073 decreta
911 3021 1055 3083 scripsere,
1078 3030 1108 3069 ac
1128 3018 1171 3069 uel

101 3138 103 3144 .
163 3112 243 3149 unum
256 3098 279 3148 si
289 3098 432 3161 repereris,
444 3096 489 3160 qui
499 3097 612 3147 conbxas
624 3097 713 3146 theses
728 3100 826 3144 tutatus
838 3093 933 3153 inerit,
942 3092 1075 3145 casuistas
1086 3090 1169 3143 ueluti

70 3223 73 3227 ,
163 3172 368 3224 Christianorum
384 3183 487 3221 morum
498 3177 587 3233 pestes
600 3167 801 3219 exitiosissimas
812 3167 962 3218 execrabor.

132 3306 135 3310 ,
195 3254 234 3303 lta
246 3264 325 3311 sane,
342 3251 463 3314 inquies;
477 3258 504 3300 at
516 3251 605 3313 plores
617 3263 669 3301 nou
685 3250 794 3308 desunt,
812 3247 859 3312 qui
876 3244 1068 3297 damnationem
1085 3243 1171 3295 emol-

162 3325 244 3385 liant,
255 3325 371 3387 ictasque
382 3323 505 3375 Vaticano
517 3323 625 3373 tutorine
640 3322 833 3386 propositiones
846 3321 935 3372 mitius
951 3319 1170 3380 interpretentur,

163 3404 192 3449 ut
210 3398 313 3448 callidis
331 3397 403 3447 bisce
425 3396 528 3448 artibus
542 3396 676 3447 laxitatem
695 3396 722 3446 in
740 3394 880 3447 Catholicis
897 3390 994 3446 scholis
1006 3387 1170 3441 confirment.

162 3471 299 3525 Accusatio
319 3468 408 3520 isthaec
426 3469 556 3532 precipuo
575 3468 604 3519 Ρ.
624 3468 787 3519 bominicum
798 3466 888 3518 Vivam
909 3463 986 3521 ierit,
1008 3461 1172 3523 theologum

163 3541 238 3590 illum
254 3539 606 3591 abeundictolllll.sum1na
621 3540 770 3592 cumlaude
786 3539 882 3603 saepius
898 3538 1006 3589 citatum
1023 3534 1051 3583 in
1068 3533 1172 3597 gravis·

162 3610 254 3670 alnus,
265 3609 475 3673 pereruditlsque
487 3612 668 3664 sanctionibus
684 3613 718 3663 ab
736 3614 796 3675 ipso
811 3612 907 3671 editis,
923 3621 1005 3673 quum
1021 3604 1172 3658 &nonien-

163 3691 217 3730 scm
228 3680 377 3735 ‚Ecclesiam
387 3681 604 3747 archiepiscopus
620 3691 732 3748 regeret.
743 3686 841 3747 ilempe
860 3690 889 3734 ut
907 3682 1010 3734 Gallum
1028 3676 1168 3744 quemdam
