2617 4192
171 317 256 368 »lam
279 310 342 365 verb
364 310 469 363 diblclle
488 311 560 364 dictu
583 318 641 372 est,
659 317 754 374 quanta
774 323 851 373 cura,
872 324 901 364 ac
920 311 1025 375 studio,
1049 326 1141 366 omnes

138 395 314 461 »pastorales
339 391 417 444 officii
443 398 530 456 partes
551 393 657 459 explere
681 391 857 455 contenderit;
883 395 954 457 prepi
979 404 1044 454 suo,
1063 407 1141 458 quem

138 495 149 528 r
169 477 220 529 sibi
232 473 396 527 commissum
415 472 577 535 intelligebat
588 509 596 533 ,
606 471 729 523 assiduus
741 472 910 536 aduigilarit,
930 484 1084 538 omnemque
1097 474 1142 525 ad·

139 577 149 606 ι
169 558 256 608 hibuit
273 568 395 618 operam,
410 560 439 604 ut
453 566 486 605 oe
504 567 555 605 nna
569 553 677 618 quidem
692 564 724 603 cx
741 552 898 604 concreditis
912 554 964 604 sibi
980 554 1075 604 orlbns
1085 566 1142 618 per·

137 656 147 683 i
169 638 252 688 ditum
274 637 334 686 iret
355 635 444 697 Neque
468 634 530 685 vero
553 634 586 685 de
610 633 775 685 seuerissima
797 634 900 684 urendi
922 634 1023 684 ratione
1043 646 1076 684 ea
1096 634 1141 685 ilia

138 736 148 765 ι
168 714 318 769 accessione
335 714 473 780 dignitatis
492 714 594 765 remisit
613 713 770 779 quidquam,
786 725 888 765 omnem
905 714 933 765 in
953 715 1040 777 rictu,
1060 713 1143 764 cultu·

139 819 148 847 ι
170 812 222 864 qne
240 798 358 862 corporis
378 797 507 847 lautitiam
525 795 666 857 detulerit,
688 796 753 846 nibil
772 796 799 846 in
818 797 876 860 eius
895 796 1010 856 aedibus,
1029 795 1094 846 nibil
1113 796 1141 850 ln

137 898 147 926 r
167 880 311 930 domestica
335 877 491 941 supellectili
508 878 665 940 superlluum
684 889 713 928 ac
735 876 908 940 splendidum.
926 878 1056 940 Pauperes
1075 875 1141 927 mira

114 988 119 997 ·
138 979 147 1007 ι
168 958 294 1009 charitate
315 959 466 1020 complexus
478 964 536 1018 est,
549 958 646 1021 quibus
663 958 786 1010 alimenta
797 995 805 1019 ,
817 965 904 1010 restes
916 959 1062 1022 stipemque
1079 970 1141 1020 pro·

103 1077 105 1080 a
138 1057 148 1086 s
168 1038 221 1088 line
237 1038 374 1100 erogabat,
387 1038 439 1089 imo
454 1050 557 1088 auream
580 1050 700 1098 crucem,
724 1044 803 1102 atque
825 1036 947 1089 attnulu'm
966 1038 1141 1101 episcopalem

137 1118 279 1169 ‚rendere
300 1116 455 1181 quandoque
474 1130 525 1168 non
546 1117 694 1177 dubitauit,
718 1118 751 1169 ad
774 1131 864 1171 eornm
890 1124 1032 1183 egestatem
1055 1118 1143 1169 suble·

136 1199 286 1249 stantiam.
312 1198 410 1248 Puellis
437 1205 467 1248 ut
488 1199 582 1260 nuptui
607 1196 747 1259 darentur,
769 1198 856 1249 dotem
879 1198 912 1251 de
935 1210 984 1249 suo
1008 1198 1141 1261 praebere,

137 1297 146 1324 r
166 1280 349 1330 adolescentes
370 1279 554 1345 clericos,qui
574 1279 667 1330 humili
689 1292 783 1343 genere
800 1282 854 1331 nati
872 1294 959 1331 rerum
975 1279 1064 1343 inopia
1081 1278 1142 1329 alli·

136 1367 320 1420 rotarentur,
346 1359 373 1409 in
398 1361 525 1410 bonarum
553 1361 649 1410 artium
672 1359 810 1424 disciplina
837 1361 892 1412 suis
919 1362 990 1412 alere
1015 1360 1142 1423 impensis

136 1441 310 1511 seposuerit.
330 1440 415 1492 Sacris
431 1442 577 1506 uirginibus
594 1442 726 1502 claustra,
748 1442 876 1504 leminis,
899 1454 956 1507 quae
977 1441 1004 1492 in
1025 1441 1142 1505 periculo

49 1563 58 1576 .
136 1522 316 1573 »nanuitteudae
333 1521 464 1573 castitatis
484 1528 665 1581 uersarentur,
677 1521 748 1571 aedes
761 1524 864 1586 aperuit
884 1529 1017 1589 tamquam
1033 1521 1142 1586 pudoris

136 1603 321 1668 »perfugium
347 1604 376 1655 lo
402 1604 510 1654 diaecesi
537 1604 672 1654 lustranda
699 1604 778 1655 nullis
806 1616 891 1667 neque
914 1605 1034 1661 uiarum,
1055 1615 1142 1668 neque

136 1700 148 1729 r
166 1691 313 1749 temporum
330 1685 517 1750 asperitatibus
532 1685 683 1743 retardatus
693 1685 766 1737 affixa
779 1687 908 1737 montium
919 1687 991 1749 juqis
1003 1687 1141 1750 oppidula,

138 1783 147 1810 r
167 1765 300 1828 dispersas
321 1778 369 1829 per
391 1778 468 1828 agros
486 1773 577 1828 gentes
592 1764 701 1816 sedulus
722 1765 868 1826 invisebat,
887 1779 918 1817 ac
937 1766 1024 1818 uerbis
1046 1767 1141 1820 ardore

138 1862 147 1890 i
167 1845 345 1908 plenissimis,
367 1847 400 1896 ad
420 1847 525 1896 uirtutis
546 1860 660 1898 amorem
681 1847 878 1908 inflammabat,
898 1848 914 1898 a
934 1840 1063 1899 scelerum
1083 1854 1141 1897 tur-

138 1945 148 1973 »
169 1927 290 1989 pitudine
314 1926 470 1976 deterrebat.
490 1927 656 1979 sacerdotum
676 1929 736 1980 verb
756 1932 837 1994 atquo
854 1927 1076 1987 adolescentium,
1094 1931 1139 1991 qui

139 2022 150 2053 r
170 2006 352 2058 ecclesiastice
363 2007 462 2057 militiae
474 2009 626 2072 tyrocinium
638 2011 807 2072 posuissent,
819 2022 908 2060 curam
927 2008 1008 2072 gessit
1029 2011 1141 2073 peculiu-

137 2105 147 2132 ι
168 2099 231 2137 rem.
252 2086 318 2137 Sane
338 2100 415 2151 quam
437 2088 536 2139 intenta
551 2101 613 2141 cura
629 2090 802 2151 allaboravit,
815 2096 845 2140 ut
861 2088 888 2139 in
906 2089 964 2155 ipso
976 2091 1060 2140 aetatis
1077 2092 1141 2142 liore

137 2183 147 2210 ι
167 2167 258 2229 pietati
267 2175 470 2229 succrescerent,
481 2175 508 2218 et
520 2169 607 2235 sacris¹
615 2171 758 2232 praesertim
768 2170 917 2234 disciplinis
928 2170 978 2221 rite
990 2171 1140 2239 imbueren-

135 2263 145 2294 ι
166 2254 217 2308 tur,
231 2254 259 2298 ut
276 2247 380 2315 tandem
402 2248 435 2299 ad
453 2262 605 2311 sacrorum,
617 2250 816 2317 christianaeque
828 2251 913 2315 plebis
929 2252 1139 2314 procurationem

132 2347 146 2374 s
166 2341 241 2392 pares
260 2328 408 2380 eraderent.
425 2329 537 2381 blaxime
557 2331 619 2382 uero
640 2331 674 2381 ad
695 2333 825 2383 acuendos
843 2332 949 2382 illorum
970 2332 1072 2383 animos
1093 2347 1139 2383 ra-

135 2425 146 2455 ι
166 2410 248 2460 luisse
266 2401 376 2460 dicenda
395 2416 437 2461 cst
454 2411 553 2475 egregii
569 2412 703 2462 antistitis
722 2413 790 2470 rita,
811 2412 943 2476 siquidem
966 2412 994 2462 in
1013 2413 1070 2476 ejus
1086 2427 1139 2463 mo·
1160 2407 1164 2414 ’

135 2505 148 2536 r
165 2490 239 2540 ribus
251 2490 420 2556 inspicientes
431 2493 566 2554 proposita
584 2492 670 2544 oculis
686 2493 817 2545 babebant
828 2492 940 2545 illustria
951 2494 1069 2559 exempla
1080 2507 1138 2544 con·
1154 2508 1157 2515 ¹
1234 2484 1236 2487 ’

133 2587 146 2615 u
166 2571 296 2631 tinentiae,
317 2572 472 2634 religionis,
490 2572 611 2636 pietatis,
627 2572 742 2637 denique
753 2574 876 2624 uirtutum
890 2576 1024 2637 omnium,
1042 2574 1138 2637 quibus

135 2666 146 2694 s
166 2651 254 2700 ornari
269 2659 348 2715 atque
360 2652 456 2702 instrui
474 2652 597 2704 sacerdos
607 2661 725 2718 oportet,
737 2655 760 2705 si
772 2654 915 2720 quidquam
931 2655 959 2704 io
975 2667 1137 2706 communem

133 2745 147 2774 a
166 2729 286 2782 Ecclesiae
307 2732 450 2786 utilitatem
461 2733 579 2786 conferre
596 2735 669 2786 uelit.

167 2916 178 2947 i
198 2900 261 2952 cium
278 2898 405 2952 tredecim
417 2908 542 2953 annorum
554 2900 640 2964 spatio
652 2900 788 2954 ecclesiam
809 2901 861 2954 sibi
873 2901 1055 2954 demandatam
1067 2902 1138 2954 omni

137 2981 290 3042 »pastorali
312 2981 400 3032 studio
430 2994 460 3032 ac
488 2982 671 3044 vigilantiam
692 2983 839 3046 exemplum
869 2984 1057 3047 gubernasset,
1080 2988 1138 3033 tan·

136 3059 227 3108 idem
246 3059 342 3111 deuexa
364 3062 418 3123 iam
438 3069 515 3113 aetate
540 3075 620 3114 senex
640 3068 719 3125 atque
743 3063 833 3113 allecta
854 3063 934 3111 etiam
956 3061 1138 3118 ualetudineit

135 3154 145 3184 a
166 3139 214 3189 Pio
227 3138 259 3190 Vl
271 3139 462 3194 Praedecessoro
480 3143 574 3195 Nostro
595 3145 671 3193 uenia
689 3141 789 3205 pluries
805 3141 963 3204 impetrata,
984 3154 1015 3193 ac
1031 3142 1138 3198 demum

133 3235 143 3263 r
164 3219 285 3282 obtenta,
309 3222 491 3286 grauissimum
514 3222 581 3275 illud
600 3234 696 3272 munus
718 3222 828 3275 dimisit.
854 3219 1026 3286 Episcopatus
1047 3227 1136 3292 itaque

135 3314 145 3343 r
165 3301 278 3363 negotiis
299 3303 440 3367 expeditus
462 3303 496 3355 ad
517 3316 581 3356 suos
602 3302 708 3355 sodales
725 3303 785 3355 clun
805 3314 835 3354 se
853 3304 996 3369 recepisset
1009 3306 1139 3371 reliquum

134 3396 144 3424 r
163 3380 222 3432 ritae
237 3394 291 3434 non
309 3383 344 3435 ad
363 3385 502 3438 honestam
513 3384 644 3449 quietern,
664 3385 755 3436 rerum
768 3383 802 3435 ad
814 3383 879 3436 alias
890 3397 967 3437 curtas
982 3386 1139 3450 laboresque

135 3462 204 3513 luel
222 3462 251 3514 in
270 3477 372 3518 summa
397 3473 533 3518 senectute
557 3466 676 3519 contulit.
701 3467 739 3517 lta
759 3477 862 3530 semper
880 3465 980 3529 aliquid
1002 3469 1138 3532 scriptioni

136 3541 310 3609 mandauit,
329 3544 403 3610 quod
423 3548 451 3598 in
471 3546 589 3600 bdelium
620 3547 760 3601 utilitatem
785 3556 885 3601 uertere
904 3546 1079 3613 intelligerem
1101 3550 1138 3603 ita

969 3647 1004 3687 d..
