2617 4192
1115 174 1146 233 ix

140 339 264 409 contigit?
282 336 347 401 Quis
373 348 487 400 nomam
510 339 602 386 auctor
622 333 761 398 theolopte
784 333 892 384 moralis
916 340 1013 387 motam
1041 342 1146 400 tamque

142 423 299 486 scriptorum
322 417 450 480 iostpnen
461 416 573 467 meritus
589 420 734 478 nactusque
752 421 793 464 est
811 412 1046 477 approbationem?
1059 428 1145 468 nonne

141 503 203 555 talis
229 498 360 553 rtnirersls
382 500 421 549 rei
446 497 555 551 moretis
579 496 754 560 scriptoribus
772 494 832 557 jure
855 493 1052 558 praeterendusi
1074 496 1145 561 opos

140 586 230 648 imque
249 581 370 639 edimus,
390 579 418 629 io
435 591 488 645 quo
508 578 596 636 nihil,
613 577 704 641 opinio
723 576 795 626 nulla
818 576 971 640 nullumque
989 577 1145 640 principium

139 660 249 716 censura
271 661 378 723 dignum
397 671 430 710 ex
454 659 514 721 ipso
533 656 634 720 judicio
653 656 775 707 Romanae
797 656 918 709 Ecclesiae
937 664 1070 719 repertum
1087 664 1144 718 cat,

139 745 214 808 cujus
223 740 358 805 reitldem
375 752 436 789 mox
454 737 615 789 laudandum
629 737 765 788 Decretum
785 749 864 800 super
878 736 1017 787 llerlsioue
1032 737 1144 800 opernm

139 822 306 887 sulphurei
327 819 507 883 plenissimam
526 818 597 869 iacit.
609 817 730 879 (lumnam
747 817 811 868 reno
829 819 867 867 sit
883 818 1032 880 apostolice
1048 829 1144 881 appro-

139 903 255 956 bationis
272 900 314 951 uis
329 910 458 961 meosque
470 897 590 949 ecclesis
600 897 669 949 circa
687 898 901 961 approbationem
913 897 1070 960 scriptorum
1088 910 1146 949 ser-

139 996 231 1035 uorum
240 981 287 1031 llei
298 979 331 1031 ad
344 978 465 1031 effectum
476 979 681 1031 canonizationis
693 985 765 1041 patet
776 991 809 1028 ex
819 978 936 1029 doctrina
948 977 1080 1030 Benedicti
1091 978 1144 1049 illl!

140 1064 175 1115 de
197 1059 392 1112 canonizatione
411 1057 563 1108 &tactorum
579 1058 632 1109 lib.
654 1057 681 1108 2.
696 1058 789 1109 Nostra
807 1058 861 1121 lam
879 1065 1034 1120 tempestato
1058 1059 1144 1109 omnia

140 1143 236 1206 scripta
253 1139 325 1190 Serri
340 1138 383 1189 bei
404 1137 471 1188 iuter
489 1139 583 1191 beatos
599 1137 733 1188 referendi
748 1137 865 1188 examini
876 1138 916 1188 vel
927 1138 1041 1191 marimo
1059 1138 1144 1203 rigido

137 1229 212 1289 turta
230 1223 336 1273 decreta
354 1218 453 1271 Urba'ni
469 1219 526 1270 lllll
541 1225 570 1270 et
588 1218 721 1271 laudatam
742 1219 885 1270 doctrinam
902 1218 1067 1290 Benedllill
1084 1220 1145 1272 sub·

136 1307 389 1372 jlctanroroportet
407 1301 480 1352 Finis
499 1307 588 1351 autem
603 1299 696 1364 ludicii
715 1301 856 1352 revisionis
876 1299 1024 1363 hujusmodi
1043 1309 1099 1362 est,
1116 1311 1147 1355 ut

140 1378 295 1445 ,uideaturan
305 1380 425 1434 doctriua
434 1381 501 1432 serui
511 1381 557 1433 Dei
570 1381 607 1453 sit
614 1382 648 1435 ab
658 1381 728 1431 omni
738 1381 886 1445 theologica
894 1393 1003 1433 censura
1012 1383 1144 1435 immunis.

139 1469 259 1520 censurae
275 1463 337 1515 aerb
351 1462 521 1526 theologicae,
534 1462 610 1526 cuius
625 1462 737 1525 ipsemet
749 1462 905 1514 Benedictus
918 1461 972 1512 xlv
984 1463 1069 1514 varias
1083 1478 1146 1529 spe·

138 1551 192 1602 cies
202 1553 320 1601 recenset
330 1582 338 1607 ‚
347 1546 465 1609 subjacet
476 1545 626 1609 propositio
635 1545 772 1604 heretica,
783 1557 907 1607 erronea,
918 1547 1146 1611 erroriproalma,

137 1629 256 1682 haeresim
269 1634 314 1679 aot
328 1639 446 1679 errorem
459 1626 582 1690 sapiens,
598 1625 633 1677 de
648 1638 737 1677 errore
749 1634 885 1690 suspecta,
897 1627 1053 1686 temeraria,
1069 1640 1146 1680 scan-

139 1709 227 1761 dalum
243 1708 379 1773 prebens,
392 1708 495 1771 piarum
506 1708 609 1759 aurium
621 1707 763 1765 ostensiva,
777 1706 846 1758 male
862 1720 971 1769 sonans,
988 1706 1146 1771 simplicium

140 1790 290 1851 seductrix,
314 1789 497 1850 schismatica,
523 1789 670 1853 iniuriosa,
696 1789 799 1853 impia,
826 1788 987 1852 blasphema.
1008 1788 1146 1843 Revisores

140 1872 277 1923 advertere
294 1869 407 1930 debent,
428 1883 462 1920 au
482 1871 607 1933 operibus
626 1871 690 1922 insit
707 1884 781 1922 error
800 1876 891 1920 contra
909 1869 988 1920 tidem
1004 1870 1046 1920 uel
1062 1870 1147 1924 bonos

83 1950 87 1955 ’
139 1962 229 2003 mores
240 1955 287 1998 aut
296 1947 413 1999 doctrina
425 1961 490 2000 nora
505 1956 533 2001 et
544 1951 559 2001 a
570 1963 647 2002 sensu
657 1951 780 2003 Ecclesiae
789 1951 885 2001 aliena.
897 1948 972 2012 Quod
981 1949 1014 2000 ad
1024 1950 1147 2002 ueritatis

141 2038 230 2082 ootnm
250 2034 367 2092 spectat,
383 2032 450 2081 nora
469 2031 588 2081 doctrina
606 2031 674 2094 erit,
696 2044 749 2082 non
769 2044 827 2095 quae
846 2031 945 2095 aliquid
964 2031 1084 2092 noriter,
1098 2032 1145 2082 sed

140 2109 269 2175 quaerere
282 2120 348 2158 nova
358 2146 366 2170 ,
378 2122 442 2163 rena
455 2116 482 2162 ct
493 2110 596 2161 inutilis
613 2112 784 2175 scripturisue
803 2118 830 2162 et
847 2112 967 2162 Patribus
984 2110 1146 2163 adversantia

137 2191 254 2244 exbibet.
274 2188 445 2242 lierlsoribus
462 2191 544 2254 igitur
563 2192 693 2244 incumbit
712 2203 920 2256 unamquamque
940 2191 1146 2254 propositionem

138 2273 244 2339 propria
256 2282 365 2321 censura
377 2278 469 2322 notare
477 2279 504 2322 et
510 2271 640 2335 iudicium
652 2272 722 2323 terro
737 2272 771 2321 de
782 2272 907 2335 qualitate
921 2272 1145 2335 propositionum,

137 2362 168 2406 ut
179 2354 207 2404 in
219 2364 248 2403 se
260 2357 323 2401 sont
339 2357 366 2401 et
385 2351 595 2421 independenter
612 2352 649 2403 ab
664 2353 811 2404 intentione
829 2351 1002 2415 proterentis,
1013 2352 1050 2401 ita
1067 2359 1097 2402 ut
1111 2354 1145 2405 ad

137 2434 263 2487 ulteriora
284 2431 392 2494 procedi
413 2445 465 2483 uon
492 2433 592 2497 possit,
623 2434 817 2498 quamprimum
836 2440 953 2493 constat,
975 2445 1078 2484 serrum
1098 2433 1145 2485 ilci

138 2512 239 2578 aliquid
257 2512 396 2574 scripsisse
410 2520 500 2564 contm
523 2513 618 2574 iidem,
631 2514 716 2566 bonos
733 2525 820 2565 mores
839 2521 866 2564 et
883 2513 1004 2564 Ecclesiae
1021 2527 1145 2575 sensum,

137 2594 241 2650 etiamsi
259 2592 328 2667 bona
345 2593 492 2645 intentione
511 2594 653 2657 scripserit.
667 2597 731 2646 Cim
748 2597 804 2658 iam
824 2596 945 2646 instituto
965 2594 1145 2658 huiuscemodi

96 2690 104 2707 ⁸
140 2677 260 2729 examine
270 2674 303 2724 ad
312 2673 434 2724 ellectum
446 2676 656 2728 &nominationis
668 2675 695 2726 s
705 2676 830 2740 tllplronsi
842 2677 875 2727 de
890 2676 1013 2738 tigerio,
1030 2676 1145 2732 Ecclesia

138 2755 308 2810 declaraverit
317 2755 346 2805 in
358 2756 443 2818 ipsius
452 2757 579 2820 operibns
588 2758 656 2807 nibil
664 2757 774 2808 censura
785 2757 892 2820 dippum
903 2764 1034 2820 repertum
1047 2759 1143 2818 luisse,

138 2847 302 2900 consequens
318 2842 392 2896 erat,
412 2841 443 2885 ut
460 2836 572 2898 quilibet
590 2849 657 2899 quas
676 2838 704 2886 in
723 2850 770 2886 sua
787 2836 928 2899 theologia
946 2836 1036 2886 llorali
1057 2835 1083 2885 S.
1099 2838 1144 2887 til-

139 2919 256 2981 pbonsns
265 2915 404 2978 opiniones
417 2915 567 2978 proliletur,
577 2916 633 2968 tutb
649 2917 726 2981 sequi
738 2918 821 2980 possit
830 2926 857 2968 et
866 2916 982 2980 profiteri
994 2927 1025 2965 ac
1036 2915 1144 2967 ntinimb

125 2995 325 3058 ‘inquietandos
335 2996 371 3045 sit
382 2994 486 3046 etiamsi
497 2995 629 3054 rationes,
643 2998 740 3060 quibus
757 2998 834 3047 variae
852 2997 971 3046 nituntur
989 2994 1143 3056 opiniones,

139 3075 209 3128 lrarid
227 3074 388 3136 expenderit.
402 3075 527 3125 Libenter
544 3076 657 3127 fatemur
678 3077 798 3140 quidem,
815 3077 894 3127 rerba
910 3091 917 3125 ε
936 3070 1008 3124 sitit
1026 3076 1144 3129 crowd

137 3154 268 3222 utquam,
281 3165 332 3203 non
343 3155 479 3217 positivam
491 3169 537 3206 sen
548 3156 721 3220 dogmaticam
734 3168 825 3206 seeum
834 3156 902 3205 ferre
913 3155 1143 3219 approbationem,

137 3235 189 3300 qua
212 3234 330 3285 doctrina
346 3235 467 3287 immunis
488 3236 636 3288 declaretur
659 3238 692 3286 ab
707 3237 778 3287 omni
795 3237 904 3298 prorsus
920 3247 1023 3299 errore,
1037 3245 1092 3289 tom
1110 3252 1143 3290 ex

137 3316 189 3375 iis,
201 3324 267 3377 quos
285 3313 488 3370 nnncll'mtesiae
504 3324 608 3368 constat
624 3329 684 3368 esse
706 3328 825 3376 errores,
842 3322 897 3365 tum
915 3328 947 3366 es
966 3316 1018 3377 iis,
1033 3329 1101 3379 quos
1116 3318 1144 3368 io

138 3401 273 3460 posterum
294 3406 341 3457 per
360 3407 442 3446 nouas
456 3395 623 3448 delinitiones
639 3409 743 3448 errores
760 3409 819 3446 esse
835 3403 954 3448 constare
966 3402 1068 3459 potest,
1084 3398 1144 3448 cnm

137 3475 219 3527 sedes
230 3474 363 3539 pontilicis
377 3476 521 3546 sententias
533 3478 647 3528 auctoris
665 3490 717 3528 oon
734 3477 811 3528 unice
822 3490 896 3528 renas
911 3484 939 3527 et
954 3475 1039 3526 licitas
1058 3478 1144 3528 omni·

136 3555 385 3620 bosquetenendas
405 3556 540 3621 probarlt,
558 3564 647 3609 eontra
668 3559 819 3622 neutiquam
841 3554 1068 3621 reprehendendos
1085 3568 1146 3609 esse
