2617 4192
169 292 239 357 nuli
479 289 642 346 Dissertatio
655 286 864 355 Prolrpomena.

513 436 515 441 ’
581 463 702 524 carus
724 463 763 522 ιι.

188 630 357 691 Graecorum
379 628 491 706 aliquot
510 628 646 697 Petrum,
669 643 776 703 nempe
800 625 830 683 S.
849 620 927 682 Petri
947 619 1152 688 Alexandrini,

226 716 257 773 S.
281 714 414 792 Gregorii
441 711 676 788 Tlraumaturgi,
703 713 733 768 S.
762 708 883 780 Basilii,
909 715 939 767 ct
968 709 999 766 S.
1023 704 1156 783 Gregorii

228 801 348 879 Nysseni
370 802 500 860 canones
521 796 746 857 Poenitentiales.

641 965 665 1030 s.
686 968 706 1016 1.

356 1127 508 1186 Canobum
522 1121 553 1181 S.
565 1120 643 1180 Petri
657 1118 846 1180 Alexandrini
863 1137 988 1181 summa.

169 1245 274 1369 Primo
287 1316 399 1368 Conone
409 1312 502 1376 jubet,
514 1324 560 1363 eos
570 1349 577 1372 ‚
589 1312 633 1375 qui
646 1318 706 1374 post
717 1310 798 1361 multa
811 1317 939 1361 tormenta
951 1324 983 1362 ex
994 1312 1173 1364 imbecillitate

171 1397 302 1443 cesserant
314 1388 433 1439 hostibus
450 1386 526 1446 fidei,
542 1393 568 1437 et
588 1385 811 1444 sacrificaverunt,
827 1387 934 1449 jamque
949 1389 1028 1438 trium
1047 1402 1173 1440 annornm

170 1462 350 1526 poenitentiam
369 1465 540 1523 peregerant,
557 1457 617 1511 aliis
627 1471 731 1521 quoque
741 1457 910 1520 quadraginta
923 1459 1017 1511 diebus
1031 1475 1134 1514 manere
1146 1464 1173 1511 in

170 1536 334 1600 poenitentia,
345 1541 371 1584 et
383 1534 427 1583 sic·
436 1532 547 1582 admitti.

204 1609 272 1659 Con.
293 1608 319 1658 Ξ.
341 1607 393 1657 Eos
413 1607 458 1669 qui
480 1605 537 1654 solo
552 1604 664 1655 carceris
683 1604 804 1667 squalore
823 1603 910 1655 afflicti
932 1606 998 1668 lapsi
1022 1616 1095 1658 erant
1114 1614 1173 1671 post

171 1678 538 1743 trienniumpoenitentiaejam
552 1686 676 1740 peracte,
687 1677 794 1727 alterius
807 1689 911 1739 quoque
922 1679 983 1727 anni
997 1693 1072 1743 poeoa
1087 1680 1172 1744 puniri

183 1874 187 1885 ,
203 1827 272 1877 Cen.
282 1825 307 1876 5.
319 1824 451 1876 'triennali
462 1823 616 1887 paenitentia
627 1823 738 1886 castigat
749 1835 794 1872 eos
806 1822 851 1884 qni
864 1823 929 1873 nibil
944 1824 996 1878 tale
1011 1826 1099 1888 passi,
1115 1827 1171 1879 solo

169 1908 240 1952 metu
251 1899 312 1951 uicti
326 1899 437 1950 inerant.
842 1918 845 1927 ·

203 1975 272 2025 Can.
290 1973 315 2029 l.
333 1972 385 2023 Eos
402 1972 447 2035 qui
464 1976 524 2034 post
540 1971 642 2033 lapsum
653 1984 706 2021 non
722 1971 890 2022 recurrebant
908 1970 941 2021 ad
957 1972 1072 2023 remedia
1089 1974 1175 2036 poeni-
1243 2025 1247 2030 ,

170 2047 273 2105 tentia,
286 2044 447 2095 execrabiles
462 2056 520 2093 esse
533 2042 596 2093 dicit
608 2052 740 2105 tamquam
751 2058 808 2094 eam
819 2044 955 2095 ficulneam
971 2045 1172 2110 infructuosam,

170 2118 212 2170 cui
226 2118 343 2168 Christus
358 2117 385 2165 in
397 2115 538 2174 Evangelio
553 2114 698 2164 maledixit.

204 2190 272 2240 Con.
285 2186 309 2235 5.
323 2185 446 2236 semestri
458 2185 610 2246 poenitentia
622 2187 734 2249 castigat
751 2200 814 2246 eos,
827 2188 872 2252 qui
889 2190 1041 2242 simularant
1051 2193 1174 2245 accedere

171 2259 203 2312 ad
225 2272 304 2320 aras,
324 2258 364 2308 vel
384 2257 519 2317 scribere,
542 2258 614 2321 quod
634 2258 713 2309 fidem
733 2262 881 2324 negabant,
903 2275 955 2314 non
976 2265 1044 2315 nude
1068 2275 1172 2329 autem,

169 2339 197 2383 et
220 2338 309 2395 aperte
328 2329 531 2400 hocieceraot,
549 2330 595 2382 sed
620 2337 676 2382 arte
699 2334 786 2397 aliqua
808 2347 854 2385 eos
874 2335 920 2397 qni
940 2337 992 2387 vim
1011 2337 1172 2400 afferebant,

170 2405 327 2458 deluserunt.

203 2481 271 2529 con.
289 2479 314 2529 6.
327 2478 437 2539 Servos,
453 2479 498 2543 qui
518 2478 682 2531 dominorum
693 2481 785 2545 iussu,
804 2495 834 2532 ac
853 2482 930 2534 minis
943 2487 1071 2549 compulsi
1090 2488 1171 2541 sacri-

169 2550 289 2612 ilcarant,
302 2552 464 2615 aanopnnit.
980 2553 983 2558 ’

201 2626 270 2675 Cen.
283 2627 307 2675 7.
319 2626 450 2685 bominis,
462 2624 507 2689 qni
520 2638 609 2678 servos
627 2627 771 2678 sacrificare
789 2637 939 2690 coegerant,
955 2638 982 2679 et
1001 2617 1052 2693 ip'si
1072 2633 1173 2685 sacrifl-

168 2710 227 2749 care
239 2697 409 2760 simularant,
421 2699 527 2749 triennii
546 2713 648 2762 poenam
661 2700 781 2763 injungit.
793 2739 796 2743 .

202 2771 271 2821 Cen.
283 2772 307 2821 8.
320 2772 424 2822 blandae
435 2807 442 2832 ,
455 2779 483 2820 ut
500 2772 659 2834 recipiantur
678 2773 732 2831 illi,
750 2772 795 2834 qui
812 2771 878 2833 lapsi
897 2773 924 2820 in
938 2774 1170 2838 quaestionariam

169 2842 214 2892 sed
236 2849 326 2907 postea
347 2843 502 2906 poenitentia
521 2842 609 2900 ducti,
630 2843 734 2893 fortiter
753 2856 781 2892 se
798 2843 958 2892 Christianos
980 2856 1039 2894 esse
1060 2847 1171 2908 professi

168 2922 254 2977 erant,
272 2923 297 2966 et
313 2916 340 2965 in
353 2928 483 2965 carcerem
494 2914 583 2963 traditi
596 2922 724 2964 tormenta
740 2927 843 2976 quoque
855 2915 1040 2967 sustinuerant.

201 2982 269 3039 Con.
282 2989 308 3039 9.
321 2988 410 3050 llecipi
429 2986 551 3036 similiter
563 2985 669 3035 mandat
688 2997 734 3035 eos
750 2987 795 3048 qui
807 2992 904 3036 temere
922 2989 1038 3051 tyrannis
1051 3003 1098 3042 seu
1116 2999 1173 3044 tor-

168 3058 270 3110 toribus
281 3060 429 3110 obtulerant
438 3071 481 3118 se,
493 3058 657 3118 ignorantes,
668 3070 719 3107 non
730 3058 809 3108 licere
819 3058 859 3108 bis
871 3073 900 3110 se
911 3061 1034 3125 perieulis
1046 3065 1171 3136 objicere,

167 3139 194 3183 et
205 3131 294 3181 hostes
306 3131 366 3182 fidei
378 3132 405 3180 in
422 3143 468 3190 se,
483 3136 510 3179 et
524 3129 551 3178 in
565 3129 631 3180 alios
643 3128 733 3181 fideles
745 3131 860 3183 irritare.

199 3200 270 3251 Coo.
290 3202 333 3252 to.
353 3205 428 3253 arcet
449 3204 464 3252 a
484 3215 557 3253 sacro
580 3202 727 3254 ministerio
746 3218 793 3256 eos
811 3206 924 3259 clericos
944 3209 989 3273 qni
1007 3218 1120 3274 sponte,
1141 3225 1173 3266 ac

168 3281 265 3324 temere
276 3272 336 3322 fidei
347 3281 476 3326 certamen
494 3275 623 3339 ingressi,
641 3286 733 3340 postea
754 3281 890 3344 tormentis
905 3282 964 3332 victi
976 3319 984 3343 ,
998 3283 1065 3346 lapsi
1082 3292 1169 3345 erant,

166 3345 284 3410 quamuis
301 3357 367 3397 noua
384 3347 446 3399 ildei
466 3350 629 3401 confessione
648 3352 752 3414 lapsum
768 3355 966 3415 emendassent;
978 3357 1039 3417 qrria
1051 3356 1170 3409 videlicet

166 3432 219 3470 non
241 3418 374 3472 debebant
399 3434 428 3475 se
449 3424 565 3487 periculo
589 3436 740 3487 exponere,
765 3433 793 3476 et
816 3427 868 3476 sibi
893 3429 1058 3479 commissam
1080 3431 1170 3493 populi

167 3492 278 3544 docendi
289 3506 377 3545 curam
393 3494 523 3548 deserere.
535 3496 643 3547 admitti
660 3504 747 3548 tamen
767 3499 873 3549 eosdem
885 3499 941 3550 vult
957 3499 990 3548 ad
1008 3503 1170 3552 communio-

166 3578 225 3616 nem
238 3581 297 3619 cum
310 3569 450 3634 fidelibus,
464 3573 533 3625 nesi
548 3572 597 3623 hac
608 3584 713 3636 quoque
730 3572 865 3634 prirentur
877 3608 885 3633 ,
899 3573 945 3622 alii
956 3573 1001 3636 qui
1013 3573 1080 3636 lapsi
1094 3583 1167 3639 sunt,

166 3649 301 3702 resurgere
311 3643 453 3707 negligant.

201 3710 270 3761 can.
289 3715 331 3763 tl.
343 3717 403 3766 Vult
422 3728 512 3780 preces
530 3726 557 3771 et
575 3717 627 3775 alia
643 3717 688 3783 pia
705 3729 784 3782 opera
803 3717 856 3769 beo
875 3716 963 3772 offerri
981 3731 1029 3783 pro
1051 3718 1101 3782 iis,
1123 3721 1170 3784 qui
