2617 4192
173 286 250 352 cxviii
574 284 782 341 decertationis
803 288 806 293 '

173 378 341 448 tdamnare,
363 367 434 441 qnod
457 388 532 427 nemo
553 376 615 429 lucit
635 379 662 427 in
687 379 795 441 reliquis
817 375 993 428 facultatibus.
1014 375 1079 439 Quis
1098 378 1174 431 enim

176 468 187 499 ι
205 452 340 514 queritur,
351 448 422 512 quod
434 456 474 499 tot
483 449 518 501 de
531 449 647 512 iegibus,
663 463 695 499 ac
705 451 926 513 jurisprudentia,
938 456 979 499 tot
992 449 1026 499 de
1045 448 1176 502 medicina

175 540 187 570 s
207 523 281 582 iibri,
301 522 375 586 iique
386 522 469 581 rarii,
485 529 513 572 et
529 521 557 570 io
577 522 711 584 aliquibus
728 520 887 572 dissidentes
900 520 1027 583 prodeant
1042 522 1070 571 in
1089 523 1175 574 lucem

177 611 187 641 t
207 593 345 659 quotidie?
363 594 419 644 imo
434 594 495 656 quis
515 606 565 644 non
581 594 684 654 rideat,
702 594 732 644 id
750 594 806 644 lieri
828 594 991 657 perutiliter,
1011 606 1070 645 eum
1089 603 1175 658 poste·

177 683 187 717 t
207 667 291 717 riores
305 678 331 715 e.
342 679 382 728 gr.
400 666 495 716 medici
514 677 544 715 ea
561 667 711 717 morborum
730 666 843 718 remedia
856 666 1013 728 repererint,
1029 678 1087 730 quse
1101 666 1175 718 iuerc

178 755 188 784 ι
208 737 510 800 prioribusignotaicur
519 751 580 801 ergo
589 739 614 787 in
625 738 748 789 facultate
759 738 850 789 morali
862 738 967 789 nonium
977 737 1022 798 sit,
1029 739 1099 802 quod
1111 739 1176 790 utile

177 827 187 856 t
207 811 243 861 sit
263 812 291 862 iu
309 810 419 873 reliquis
433 810 602 873 disciplinis?
613 811 758 874 opponenti
770 819 856 862 autem
869 810 1056 861 sententiarum
1072 809 1174 863 discor·

177 898 188 927 ι
207 882 294 944 diam,
313 883 467 945 respondet,
478 884 611 937 casuistas
626 884 654 932 in
668 883 774 944 multis,
786 895 843 947 quae
859 891 929 934 certa
941 889 1015 943 sunl,
1024 883 1175 944 contenire,

177 972 187 1002 t
207 955 347 1007 dissentire
365 956 392 1007 in
409 956 541 1020 aliquibus
558 957 682 1014 incertis,
698 957 767 1008 circo
785 969 842 1020 quae
857 957 884 1007 in
903 969 952 1008 suo
970 955 1082 1020 quisque
1095 968 1175 1008 sensu

177 1046 187 1076 r
206 1028 338 1089 abundat,
350 1035 378 1083 et
389 1030 462 1093 sequi
477 1029 538 1080 licet
550 1030 619 1093 quod
633 1030 736 1080 videtur
752 1031 865 1080 similius
877 1040 946 1081 tero.
1204 1042 1207 1045 ·

178 1138 183 1143 .
206 1117 222 1148 s
238 1100 294 1155 Art„
304 1102 332 1155 tl.
343 1108 371 1153 et
381 1102 473 1157 ritino
485 1103 539 1165 agit
554 1103 589 1155 de
603 1102 681 1153 libris
695 1115 786 1155 eorum
801 1102 977 1154 Casnistarnm
986 1135 996 1162 ,
1006 1102 1054 1164 qui
1063 1100 1176 1153 laxiores

177 1173 338 1225 tolcuntur.
359 1173 392 1225 lit
412 1176 437 1224 l.
458 1180 560 1234 monet,
582 1175 676 1225 mirum
698 1187 750 1226 non
770 1188 841 1236 esse,
859 1173 931 1238 quod
952 1174 1033 1237 aliqui
1053 1173 1177 1225 msoulae

178 1262 189 1293 ll
209 1247 335 1307 errarint3
352 1246 503 1310 permisisse
522 1246 622 1307 Deum,
642 1253 672 1297 ut
693 1247 834 1309 aliquando
852 1245 901 1296 riri
920 1246 1000 1297 etiam
1019 1245 1178 1296 sanctissimi

178 1318 407 1382 »doctissimique
424 1325 560 1380 errarent,
582 1326 613 1370 ut
635 1318 697 1369 inde
719 1317 849 1369 discamus
868 1318 956 1369 minus
976 1315 1057 1369 iiderc
1074 1316 1177 1380 iudicio

178 1409 188 1439 ι
209 1395 316 1451 nostro,
335 1391 387 1455 ipsi
406 1391 550 1454 Augustino
571 1391 659 1453 aliqua
676 1391 807 1441 exordisse
829 1402 887 1454 quoe
905 1395 995 1454 postea
1014 1389 1176 1440 retractauit.

176 1482 188 1510 u
208 1467 294 1516 llonet
309 1463 337 1515 Ξ.
351 1473 403 1514 non
414 1475 473 1515 esse
485 1470 583 1515 temere
593 1464 763 1526 iudicandum
779 1464 813 1515 de
830 1465 940 1517 aliorum
953 1461 1106 1522 sententiis,
1116 1473 1179 1514 cum

177 1554 188 1585 ι
207 1549 275 1601 sepe
293 1537 380 1588 insum
392 1549 445 1588 non
463 1536 510 1597 sit,
529 1535 599 1600 quod
621 1537 699 1588 uobis
714 1536 870 1597 ridetur,et
886 1533 1025 1600 aliqnando
1043 1535 1107 1585 laxae
1122 1533 1180 1587 sint

173 1629 188 1659 c
207 1611 264 1663 alie
290 1617 384 1663 nostre
406 1610 560 1669 sententie,
580 1611 681 1673 judicio
703 1610 821 1673 eiusdem
844 1610 918 1660 illius
936 1608 1078 1669 Autboris,
1101 1608 1179 1671 cujus

180 1703 189 1735 ι
209 1684 384 1744 sententiam,
406 1684 470 1748 quia
491 1691 586 1739 nostre
609 1684 785 1744 contrariam,
807 1683 912 1744 laxam,
931 1688 977 1734 aut
996 1681 1179 1744 benigniorem

178 1778 189 1808 ι
209 1771 337 1811 vocamus.
348 1759 435 1810 ilonet
448 1760 474 1810 b.
488 1759 649 1819 carendum,
668 1771 701 1808 ne
717 1757 803 1807 animo
819 1762 998 1819 praeoccupato
1011 1755 1179 1818 judicemus,

175 1851 189 1883 r
209 1840 237 1884 ut
257 1831 358 1884 iaciunt
377 1830 404 1881 bi
424 1831 470 1896 qui
491 1831 603 1894 probant
623 1829 752 1894 quidquid
773 1829 900 1889 dixerint,
921 1834 967 1880 aut
983 1828 1138 1890 scripserint
1155 1828 1179 1882 ii

180 1923 188 1948 ι
209 1917 276 1969 quot
298 1903 428 1968 diligunt3
449 1911 539 1956 contra
559 1903 683 1967 rejiciunt
701 1901 830 1965 quidquid
849 1913 939 1953 eorum
957 1909 1017 1961 est,
1035 1901 1181 1964 sodomus

179 1994 189 2024 r
210 1975 330 2041 ingenio,
347 1981 375 2027 et
395 1975 492 2029 stodiis
510 1975 670 2027 discordant.
689 1975 775 2025 lione't
790 1975 817 2025 l.
834 1975 858 2024 si
876 1987 927 2037 qua
946 1973 974 2024 in
992 1985 1022 2024 re
1039 1972 1180 2036 abaliquo

179 2069 189 2098 ι
209 2051 339 2113 scriptore
354 2049 435 2100 iuerit
451 2055 585 2109 erratum,
606 2062 659 2100 non
678 2049 749 2099 illico
766 2055 850 2100 totum
868 2049 965 2099 librum
984 2046 1179 2109 damnandum,

178 2141 188 2168 ι
208 2130 237 2171 ut
252 2131 330 2171 nemo
345 2121 451 2180 sapiens
469 2133 546 2183 poma
562 2134 624 2171 sana
643 2128 721 2185 atque
737 2121 838 2184 integra
858 2121 960 2183 abiicit,
976 2119 1047 2184 quod
1061 2119 1130 2171 inter
1146 2132 1180 2173 ea

176 2212 188 2238 ι
209 2191 338 2255 putridum
356 2204 437 2240 uuum
455 2199 661 2256 corruptumque
682 2193 802 2256 deteget,
819 2206 867 2244 neo
882 2195 1002 2245 arborem
1018 2192 1181 2244 totambene

179 2284 188 2315 ι
210 2267 337 2329 vigentem
346 2264 475 2325 succidit,
492 2266 562 2328 quod
577 2267 680 2316 aridum
692 2268 720 2316 in
735 2280 768 2321 eo
781 2267 956 2317 ramusculum
967 2267 1083 2316 intuetur
1094 2279 1101 2313 ε
1114 2278 1180 2327 pro·

178 2357 188 2389 r
209 2344 295 2400 pterea
307 2335 467 2387 audiendum
487 2339 659 2401 Augustinnm
679 2339 824 2401 dicentem,
839 2341 944 2390 botrum
962 2351 1057 2403 carpe,
1075 2339 1182 2401 spinam

178 2421 286 2470 rcnre;
307 2408 361 2460 into
382 2408 508 2473 Spiritum
527 2419 646 2463 sanctum
667 2413 863 2475 admonentem,
883 2421 913 2466 ut
933 2413 1076 2476 pretiosum
1095 2413 1110 2462 i
1126 2411 1180 2464 <rili

175 2504 183 2530 t
208 2493 364 2546 separemus.
379 2482 466 2534 ilonet
478 2482 583 2534 demum
601 2485 668 2536 hanc
679 2485 706 2535 in
718 2484 861 2548 judicando
873 2485 907 2538 de
922 2486 1032 2538 aliorum
1043 2483 1182 2536 sententiis

178 2553 437 2620 »precipitationem
458 2555 523 2606 oriri
544 2569 577 2607 er
598 2557 743 2622 superbie,
764 2571 816 2621 qua
831 2558 914 2621 judex
938 2570 968 2609 se
990 2556 1093 2620 prefert
1115 2555 1181 2608 siris

177 2650 188 2674 n
210 2627 346 2689 doctrinm,
357 2639 389 2678 oc
402 2626 513 2680 scientia
530 2630 674 2694 preclaris,
685 2642 768 2694 eaque
783 2630 912 2694 despicit,
923 2641 982 2695 que
992 2629 1027 2680 ab
1044 2627 1097 2681 illis
1114 2638 1181 2692 pro-

179 2720 190 2751 r
210 2704 269 2755 bata
281 2711 341 2753 esse
353 2713 405 2752 nou
417 2701 528 2765 ignoret.

210 2793 220 2823 ι
241 2774 288 2829 itis
304 2773 401 2825 Pmesui
417 2774 469 2825 iste
481 2775 692 2838 sapientissimus
706 2774 819 2827 vindicat
835 2775 968 2826 casuistas
986 2786 1039 2824 non
1057 2772 1182 2838 antiquos

180 2868 190 2897 ι
211 2854 328 2910 tuntum,
350 2846 543 2912 Raymundum,
563 2849 708 2909 Thomam,
731 2849 954 2908 Bonarenturam,
976 2848 1109 2910 aliosque,
1130 2847 1182 2900 sed

181 2941 189 2968 t
211 2923 289 2973 ctiam
304 2921 480 2981 recentiores;
498 2933 555 2985 quae
570 2922 638 2972 enim
656 2921 750 2983 affert,
767 2929 893 2989 utrosque
910 2920 1132 2982 complectuntur,
1148 2927 1184 2974 ut

180 3013 190 3039 ι
212 3004 335 3056 utrosque
352 2990 670 3047 ierluntnuversariorum
683 2995 794 3058 querelae
807 3009 814 3044 ι
826 2994 945 3057 quamuis
954 2992 1025 3044 enim
1036 2990 1138 3053 dicant,
1148 3006 1183 3048 so

180 3083 190 3115 t
210 3079 261 3116 non
278 3063 398 3125 attenedo
410 3064 540 3128 antiquis,
553 3079 641 3116 reuera
653 3073 774 3117 accusant
785 3074 924 3129 utrosque,
936 3077 995 3118 cum
1008 3066 1183 3130 receutioteS,

176 3157 188 3183 ι
209 3136 352 3200 dequibus
368 3135 483 3198 agimus,
498 3138 581 3189 secuti
597 3139 650 3188 sint
667 3140 789 3202 antiquos
799 3175 807 3200 ,
817 3150 944 3202 cumque,
961 3145 992 3188 ut
1007 3137 1076 3195 ister
1087 3149 1184 3195 recen

179 3228 189 3256 ι
210 3212 290 3260 tiores
307 3208 392 3271 aliqui
411 3208 578 3272 benigniores
593 3209 680 3271 luere,
699 3212 737 3262 sic
754 3213 824 3263 inter
841 3212 981 3274 antiquos3
996 3222 1044 3260 nec
1060 3221 1126 3260 nora
1143 3212 1185 3266 sit

177 3298 187 3329 i
206 3280 323 3339 doctriua
336 3280 553 3343 probabilitatem
567 3282 635 3346 (quae
651 3290 737 3335 tamen
749 3290 805 3344 est,
817 3291 849 3335 ut
862 3284 968 3344 dicunt,
982 3282 1042 3341 iens
1060 3282 1184 3338 omniurn

180 3372 189 3399 ι
210 3353 362 3413 inritatum,
377 3358 455 3403 etesi
465 3355 622 3416 praecipuum
631 3365 709 3419 caput
721 3356 934 3422 accusationum),
946 3354 993 3405 sed
1007 3353 1184 3420 perantiqua,

179 3443 188 3470 ι
209 3433 235 3474 nt
249 3424 277 3473 in
289 3436 322 3474 eo
333 3436 395 3473 casu
411 3425 564 3487 poenitentis
580 3430 714 3490 opereulis
725 3443 757 3481 er
768 3430 892 3494 opinione
906 3426 1039 3496 probabili
1049 3430 1186 3485 contraria

178 3514 187 3540 ι
208 3494 323 3556 opinioni
336 3492 492 3558 confessarii
509 3501 639 3549 communi
656 3500 794 3553 Doctorum
805 3538 813 3563 ,
825 3515 892 3566 quos
909 3499 1035 3563 allegari,
1054 3498 1186 3562 suffragio

176 3581 187 3608 ι
207 3570 366 3625 propugnata
383 3576 534 3628 :nunquam
549 3570 618 3629 eninr
632 3573 783 3634 opinionem
798 3573 961 3637 probabilem
976 3573 991 3622 a
1005 3571 1185 3634 probabiliori

177 3648 187 3677 t
207 3634 387 3714 tristinguunt,
401 3635 449 3685 sed
465 3638 585 3693 absolute
596 3654 674 3695 usum
691 3646 837 3709 probabilis
851 3645 991 3715 penitenti
1007 3643 1185 3712 permittunt,

175 3718 187 3753 ι
207 3709 233 3756 ct
244 3704 445 3768 permittendum
456 3705 561 3762 docent.
