2617 4192
461 249 533 303 Part
548 251 600 303 111.
612 248 799 320 6661666166.
1068 246 1128 304 'cxlv

123 341 249 412 primam
265 344 371 394 tonum
390 351 491 408 appar.
507 354 535 405 p.
550 342 585 393 ιι.
597 348 625 393 ev
641 354 698 405 seq.
713 341 838 393 adversos
852 339 920 391 banc
935 338 1020 403 ipsam
1033 350 1129 404 propo·

126 419 251 469 sitiouem
270 416 286 467 a
307 415 335 467 Ρ.
351 414 456 465 Daniele
473 414 558 465 Natali
580 413 726 466 Alexandro
746 419 808 464 ante
830 425 879 464 nos
898 424 978 473 rere,
994 425 1025 464 ac
1042 413 1128 465 solide

126 480 268 552 obiectam.
288 486 356 549 Quid
377 499 454 549 porro
473 486 508 537 ab
528 483 1128 549 66666616666166666116611661166661

124 563 260 614 Parebunt
281 559 475 620 Probabilistae,
497 570 583 624 neque
601 560 801 611 Tutioristarum
822 559 943 622 exemplo
962 558 1049 621 abripi
1069 568 1128 609 sese

124 636 275 700 patientur,
290 640 319 684 ut
339 633 367 683 ia
385 632 538 684 Pontldcum
554 633 642 684 bullas
661 633 766 684 libellos
782 632 862 683 edant
876 631 1081 693 maledicentiae,
1100 637 1129 683 et

68 725 71 728 ·
124 708 242 759 audaciae
264 707 366 769 plenos.
385 705 475 770 Neque
497 718 558 757 vero
585 706 704 769 ignorare
723 706 859 757 Pontifices
881 706 1044 769 putaverim,
1061 704 1128 768 6616

124 782 166 833 rei
178 780 386 834 Probabilismos
394 773 446 829 611.
458 779 553 831 Notum
570 786 611 829 est
624 785 690 842 quot
704 779 805 829 artibus
817 779 874 842 ejus
889 778 1081 829 damnationem
1091 778 1128 828 ab

124 854 277 907 Innocentio
291 853 334 904 lll.
352 853 438 902 conati
457 851 509 902 sint
528 851 634 916 quidam
652 858 823 915 extorquere;
843 860 871 902 6ι
888 851 1001 903 utnulla
1017 850 1045 900 16
1060 850 1128 901 banc
1184 876 1187 889 ·

123 940 180 979 rem
198 930 367 990 suppeterent
379 930 561 984 monumenta,
578 936 655 975 nemo
672 924 788 987 prudens
801 923 958 985 crediderit,
971 930 1011 975 tot
1021 923 1049 973 in
1060 924 1127 974 Pro·

84 1056 87 1060 ,
123 1000 294 1051 babilismum
306 998 433 1049 clamores
444 997 561 1060 quibos
573 996 715 1047 Galliarum
727 1009 853 1060 mgnum,
864 997 990 1061 Italiaque
1006 996 1127 1046 universa

123 1081 229 1126 sentum
244 1071 326 1121 lermc
344 1072 378 1121 ab
397 1071 458 1120 binc
478 1071 554 1120 annis
573 1070 727 1132 personuit,
741 1081 883 1134 numquam
903 1068 1128 1131 adapostolicam

124 1146 220 1199 sedem
239 1145 342 1197 delatos
359 1143 451 1195 luisse.
465 1143 638 1205 Quamobrem
656 1141 787 1203 viderint,
808 1154 914 1207 quaeso,
930 1141 976 1205 661
995 1141 1127 1204 popellum

123 1220 154 1271 in
166 1217 354 1270 Probabilistas
366 1218 442 1268 libvis
452 1216 590 1267 vernaculo
596 1206 732 1267 idiomate
747 1217 902 1279 conscriptis
920 1216 991 1265 ciere
1003 1214 1127 1274 studeat,

124 1305 204 1357 6666
216 1292 267 1355 ipsi
280 1304 342 1354 erga
357 1290 498 1341 Romanam
511 1288 653 1340 Ecclesiam
670 1296 818 1340 reverentes
830 1290 893 1340 sint.
905 1289 969 1338 Nam
980 1301 1033 1353 666
1044 1288 1127 1339 atrio·

123 1366 201 1429 ribus
219 1363 504 1426 Ριο666111666ι61661
521 1362 656 1414 coloribus
672 1363 800 1426 pingunt,
819 1375 852 1415 eo
869 1363 989 1426 graviore
1005 1363 1127 1416 silentem

122 1438 265 1490 Ecclesiam
277 1437 432 1488 contumelia
445 1437 567 1487 alliciunt.

110 1512 115 1524 “
158 1511 269 1562 Tandem
281 1511 423 1561 Galliarum
434 1522 541 1571 regnum
555 1521 682 1571 ponamus
692 1507 770 1559 nobis
783 1510 818 1559 ob
829 1511 935 1572 oculos,
950 1523 981 1562 66
993 1522 1027 1562 66
1037 1508 1127 1561 videar

122 1582 205 1634 Gallis
219 1583 331 1645 injurius
343 1618 350 1641 ,
362 1589 421 1632 utar
431 1581 515 1632 ferme
525 1581 612 1632 verbis
628 1581 695 1631 66111
711 1583 862 1644 scriptoris,
875 1596 922 1635 ssu
934 1584 962 1635 P.
975 1583 1127 1647 11116666]
1173 1610 1182 1623 ·

122 1657 153 1706 in
165 1653 373 1721 chronologicis
384 1651 569 1706 monumentis
581 1657 600 1704 t.
618 1669 647 1704 ιι.
666 1651 705 1705 66
715 1666 762 1705 66.
775 1656 850 1706 1666.
862 1653 1127 1722 666611131111)

87 1756 90 1763 ·
122 1743 194 1782 anno
214 1730 280 1784 1656
302 1742 356 1793 666
374 1730 504 1781 Pascbalis
519 1729 695 1781 provinciales
715 1729 850 1783 damnatas
868 1732 971 1783 litteras
991 1731 1019 1781 in
1040 1732 1125 1783 lucem

122 1805 226 1865 emisit,
237 1799 340 1866 clepere
358 1802 654 1854 GalllProbabilismnm
672 1814 705 1853 eo
724 1802 820 1854 babere
835 1806 909 1865 loco,
928 1817 981 1867 666
999 1804 1127 1856 bonorum

120 1889 228 1929 morum
241 1877 313 1924 luem
330 1876 423 1925 baberi
435 1875 547 1925 manime
558 1875 681 1936 decebat,
699 1888 730 1926 ac
746 1875 852 1926 tandem
867 1890 899 1928 eo
911 1876 1049 1927 deventum
1068 1885 1127 1940 est,

121 1955 156 1999 ut
169 1957 237 1997 anno
251 1947 318 1997 1166
336 1948 497 2010 proscriptus
508 1947 625 1997 fueritin
637 1948 804 2011 generalibus
817 1950 885 2001 cleri
898 1949 1024 2000 Gallicani
1038 1950 1127 2002 Comi·

7 2034 9 2037 ·
38 2082 48 2095 ἡ
76 2076 79 2081 ,
95 2058 98 2063 .
122 2020 190 2078 1116,
207 2031 265 2083 quae
277 2016 431 2070 concilium
443 2017 601 2072 6611166661
616 2018 768 2074 Nationnlc
783 2025 798 2075 a
816 2022 930 2087 quodam
946 2034 1046 2085 nupero
1066 2024 1128 2074 scri·

123 2099 204 2158 ptore
218 2093 282 2143 66116
295 2093 382 2156 inepte
395 2093 528 2153 dicontur,
541 2101 571 2155 nt
587 2095 656 2157 apud
673 2108 760 2146 rerum
773 2097 863 2147 barum
880 2097 1016 2160 imperitos
1033 2097 1127 2148 autbo-

7 2138 23 2183 1
122 2165 231 2216 ritatem
247 2164 356 2217 adderet
371 2178 459 2217 eorum
480 2167 725 2231 constitutionibus,
746 2182 812 2232 6666
831 2170 971 2220 Pontificius
989 2171 1128 2233 potestatis

121 2245 330 2301 propugnatores
343 2251 394 2288 non
407 2239 483 2305 multi
497 2239 601 2290 iaciant.
614 2240 650 2290 lie
664 2253 717 2303 666
727 2241 775 2292 PP.
786 2243 923 2305 Gbezzius,
932 2250 958 2293 et
968 2242 1128 2294 Riobelmius

121 2311 285 2361 6666616661.
300 2312 474 2373 Quamobrem
484 2312 566 2363 Gallis
579 2312 693 2364 'omniuo
711 2316 894 2376 gratulandum
912 2309 1030 2378 videtur,
1048 2326 1127 2382 61666

120 2384 159 2434 ab
170 2383 211 2432 bis
220 2385 291 2446 digni
306 2386 456 2448 apostolico
468 2397 523 2435 aevo
535 2399 622 2437 mores
633 2389 786 2450 expectandi
800 2389 898 2450 lovent;
911 2390 1039 2454 quidquid
1056 2393 1127 2443 enim

121 2455 229 2506 nciariae
239 2458 351 2507 licentiae
362 2458 542 2509 florentissimi
557 2460 632 2522 regni
647 2460 794 2512 Prouincias
807 2465 1006 2527 corrumpebat,
1023 2465 1126 2515 sublata

121 2524 214 2588 66666,
234 2529 362 2580 desivisse
380 2542 487 2580 necesse
505 2532 599 2581 66111
616 2533 783 2585 consulamus
798 2535 1016 2594 concionatores,
1033 2536 1079 2597 qui
1093 2537 1126 2587 ab

121 2613 191 2652 anno
202 2599 267 2652 1766
277 2602 428 2664 Apostolico
444 2614 552 2654 munere
564 2605 632 2669 apud
645 2604 733 2656 Gallos
755 2607 837 2669 166611
856 2615 926 2657 sont.
938 2607 1036 2657 Eadem
1051 2608 1127 2669 plane

120 2665 187 2723 vitia
203 2676 396 2737 comperiemus
408 2675 451 2724 ab
461 2675 517 2724 illis
532 2677 686 2739 exprobrari
704 2678 870 2730 auditoribus
889 2679 958 2738 suis,
975 2690 1032 2741 6666
1052 2677 1126 2740 6116,

121 2746 227 2807 vigente
242 2747 447 2808 Probabilismo,
461 2747 589 2799 notabant
608 2750 771 2813 antiquiores
792 2752 875 2800 divini
893 2750 966 2799 verbi
988 2763 1125 2812 praecooes

120 2820 161 2871 An
175 2831 226 2868 non
239 2818 266 2868 id
279 2819 411 2882 paradoxo
421 2783 507 2870 616116
518 2820 602 2871 videri
618 2823 728 2884 posset?
740 2823 778 2872 lta
792 2834 855 2873 6666
863 2854 872 2886 ,
885 2821 908 2871 61
920 2821 1127 2874 Probabilismus

120 2892 208 2952 issia,
225 2893 377 2956 quiem-eius
392 2904 484 2944 osores
496 2894 651 2956 predicant,
669 2895 807 2946 criminum
820 2895 935 2944 omnium
953 2902 1035 2957 pater.
1049 2895 1127 2948 llidet

119 2965 189 3016 banc
204 2966 382 3016 collectionem
394 2966 533 3028 preclarus
547 2967 676 3028 6666166,
687 2974 765 3031 61666
778 2967 844 3019 6666
856 2967 990 3031 (1166661.
1006 2982 1023 3017 ι.
1036 2980 1062 3030 p.
1073 2970 1127 3033 51.)

119 3038 231 3098 elamat,
243 3035 429 3090 imbecillitati
441 3038 577 3103 6661666
590 3041 714 3090 66616616
725 3041 805 3091 66161
819 3048 906 3101 66661,
919 3039 969 3089 6161
985 3040 1027 3090 bic
1039 3053 1127 3093 revera

120 3110 282 3162 imbecillem
298 3125 327 3164 66
348 3111 471 3175 proderet
491 3112 654 3163 Christianus
674 3112 716 3163 bie
733 3111 891 3176 Tbeologus)
908 3110 1126 3177 6661616666-

7 3232 10 3239 ,
118 3180 243 3234 61116661
261 3181 350 3235 uideri
372 3181 493 3249 salsam,
514 3182 719 3251 perniciosam,
738 3191 765 3236 ct
783 3189 815 3237 at
831 3182 973 3236 mitissime
994 3182 1128 3268 16666166

25 3271 33 3297 ι
118 3255 197 3338 (quid
222 3256 246 3306 si
269 3257 420 3321 loqueretur
440 3257 644 3321 immitissime)l
666 3256 795 3311 scandali
817 3255 1028 3340 planissimam,
1049 3255 1127 3321 inju-

10 3320 40 3395 ·⁴„;
117 3325 228 3381 rictam
245 3340 304 3380 non
324 3326 457 3380 Patribus
479 3326 635 3380 Gallicanis
656 3329 873 3389 ruodmannum
894 3329 978 3381 stiam
998 3324 1139 3382 66661116·

19 3398 38 3417 ⁴¹
118 3398 265 3459 66161666,
278 3399 413 3471 aniverso
424 3398 565 3462 Ecclesia,
579 3401 706 3468 6166666
723 3401 863 3455 moribus
881 3401 1007 3455 61661666
1018 3415 1128 3468 aperire

120 3470 301 3525 latissimam.
312 3461 398 3538 61666
413 3475 445 3525 66
459 3476 647 3539 6666661666]
666 3477 886 3539 inhorrescerem,
898 3477 949 3527 nisi
963 3476 1127 3529 Concinianis

119 3546 195 3598 bisce
210 3549 349 3598 cantilenis
366 3560 442 3598 aures
460 3548 562 3611 pridem
576 3544 702 3600 adsuetas
716 3551 849 3601 haberem
862 3550 913 3602 Sed
931 3550 1059 3601 rationem
1077 3563 1126 3600 au·

120 3619 226 3670 616666
238 3627 371 3669 tantorum
383 3620 520 3670 malorum.
534 3619 659 3672 concilia
675 3626 733 3673 tam
741 3620 945 3689 provincialia,
959 3625 1016 3683 tam
1031 3621 1126 3674 natio·

7 3704 9 3753 g
82 3706 85 3709 ·
122 3689 218 3750 nolio,
229 3676 288 3742 11166
297 3691 463 3744 6666166166
472 3690 507 3745 61
515 3691 638 3746 Ecclesia
649 3693 932 3747 condttovnnamcras
938 3707 1127 3762 proscripsere

158 3765 274 3815 166161.
981 3780 999 3816 6
