2617 4192
95 319 100 341 ,
336 248 959 341 Cep.l.Qoideortsebrticetqootuptec?
1124 263 1143 324 b

35 408 47 453 ψ
134 357 304 441 renti,qul'
322 354 401 437 snp'b
421 355 610 418 'videbiturei
635 355 772 417 differens
787 354 807 416 'b
822 356 1053 435 easu'prnterito
1074 376 1142 423 cum

8 508 10 523 ,
133 439 801 509 molinariocollato.ninereetccitc0nrtra
827 438 1035 521 Comperrdiom
1056 440 1140 505 tbeol.

133 530 155 594 l.
168 535 198 592 l.
212 527 328 591 dissert.
346 528 375 587 l.
389 544 415 587 e.
429 527 460 586 b.
474 528 510 585 're
522 523 567 602 l.)
577 530 589 583 ’.·
601 524 756 604 Ασσφὴέςε
837 520 945 604 repetis
956 521 1139 604 directionis,

131 635 195 679 nore
213 613 318 675 deberet
336 609 533 691 (poenitentes)
553 609 721 689 importuni
733 606 901 669 directorem
920 606 1017 684 odire,
1038 617 1142 674 etmo-

131 697 295 762 lertbsirris
315 692 593 775 tnrmcpattonttor
625 709 734 752 oerore
751 712 764 751 r
782 688 832 751 sed
855 687 1043 773 regolarem,
1067 710 1141 776 quos

132 772 971 942 “wlff-niribelidldgordtbdffirdedbrdfflsudpffimum
986 859 1004 922 i
1019 880 1141 943 scrupu-

132 954 169 1016 lis
182 959 337 1012 vexemur.
360 949 419 1008 Alii
436 948 585 1026 anguntur
607 946 624 1007 b
645 945 745 1024 previs
767 945 1011 1022 cogitationibus,
1034 948 1141 1026 quibus

132 1034 267 1096 assentiri
294 1030 371 1110 supi
388 1032 505 1091 timent.
527 1032 585 1090 Alii
604 1037 727 1109 propter
744 1029 934 1089 confessiones
951 1033 1111 1108 preteritas
1129 1078 1139 1107 ,

132 1120 242 1199 quibus
254 1117 322 1176 satis
335 1133 497 1193 numquam
510 1115 610 1175 iecisse
634 1112 780 1174 dubium.
796 1112 855 1171 Alii
869 1123 990 1191 propter
1003 1116 1149 1189 timorem,

132 1201 270 1285 peeoarmi
292 1202 324 1262 in
345 1201 474 1279 qualibet
499 1200 686 1279 operatione,
705 1214 795 1274 quam
813 1198 905 1256 acturi
926 1208 1006 1259 sunt.
1022 1203 1096 1261 llinc
1108 1205 1138 1264 l.

132 1287 303 1369 penitenti,
323 1286 375 1364 qui
394 1292 481 1364 peret
499 1285 620 1345 cuilibet
643 1282 728 1342 mulce
749 1282 915 1361 cogitationi
937 1284 1019 1363 (pun
1040 1296 1140 1352 conns

132 1372 237 1444 fidem,
263 1371 446 1442 castitatem,
463 1376 516 1428 aut
537 1365 720 1441 charitatem)
738 1383 885 1426 emensum
910 1369 1056 1445 praebere,
1083 1373 1141 1432 im.

131 1463 220 1535 ponat
239 1453 445 1525 confessarius,
460 1460 495 1512 nt
505 1449 676 1528 hujusmodi
688 1450 839 1525 scrupulos
852 1449 973 1514 omniub
984 1454 1139 1533 despiciet,

130 1539 277 1599 affirmans
294 1552 356 1598 non
374 1553 479 1615 pravus
500 1534 709 1614 cogitationes,
735 1532 787 1592 sed
813 1532 929 1594 nutum
946 1555 1050 1615 pravos
1070 1557 1140 1601 con-

130 1638 232 1683 sensus
241 1639 305 1680 esse
314 1628 441 1698 peccate.
453 1622 489 1679 Et
500 1621 540 1679 in·
553 1619 608 1678 hnc
624 1618 748 1678 mannia
762 1635 823 1677 uon
836 1620 952 1680 omittat
968 1639 1083 1702 semper
1095 1626 1140 1688 uti

130 1700 294 1784 regols‘itls
305 1703 322 1764 b
334 1704 503 1764 doctoribus
517 1704 666 1781 sapienter
677 1701 782 1762 traditu
795 1712 805 1774 ;
820 1720 926 1782 nempe
935 1722 984 1767 eos
1006 1708 1140 1785 quisunt

131 1792 278 1853 timoratae
288 1789 490 1861 conscientie,
504 1789 561 1849 nisi
577 1788 728 1849 moraliter
746 1786 826 1848 certb
846 1789 939 1850 scient
959 1808 991 1850 se
1007 1792 1040 1851 in
1051 1809 1141 1869 grave

131 1881 285 1955 peecatum
301 1872 498 1946 consensisse,
515 1873 661 1933 immunes
681 1871 699 1932 l
723 1879 840 1951 peccato
869 1888 931 1934 erse
948 1873 1141 1956 judicandos3

131 1976 222 2030 nem,
237 1965 272 2016 ut
284 1957 326 2016 nit
333 1958 371 2016 P.
381 1951 525 2033 Alcone,
540 1957 720 2035 impossibile
732 1964 776 2018 est
797 1966 950 2036 peccatum
964 1960 998 2020 in
1010 1961 1139 2024 animem

70 2037 78 2046 ’
131 2044 171 2103 sb
182 2043 235 2102 illo
245 2039 451 2101 abhorrentem
462 2041 595 2121 ingredi,
610 2043 684 2119 quin
695 2042 732 2102 ub
744 2048 778 2102 ee
790 2043 868 2106 cleri
882 2050 1067 2124 agnoscatur:
1076 2047 1139 2122 Qus

130 2129 170 2189 de
191 2144 226 2187 re
243 2123 320 2204 scope
345 2125 477 2204 expediet
499 2126 677 2204 scrupulosis
700 2126 835 2205 expresse
865 2128 1040 2207 imponere,
1067 2133 1139 2196 uti

129 2211 309 2275 confessione
325 2207 493 2287 hujusmodi
516 2210 727 2288 cogitationum
746 2229 778 2271 se
792 2211 972 2286 abstineant,
994 2215 1050 2276 nisi
1076 2222 1139 2281 tam

23 2348 25 2351 .
131 2295 329 2366 certunm,
343 2311 374 2353 se
385 2295 417 2354 in
430 2294 494 2354 illas
507 2294 705 2367 consensisse,
718 2295 796 2356 ut'id
811 2296 912 2374 jurare
925 2300 1046 2377 possint.

156 2380 312 2441 «to-11.
326 2378 503 2450 Poeuitenti,
524 2377 576 2455 qui
602 2395 718 2455 semper
731 2381 833 2440 anxius
856 2390 900 2441 est
921 2382 959 2443 de
983 2384 1140 2462 praeteritis

113 2480 115 2483 ’
131 2462 382 2536 confessionibus,
401 2464 471 2539 quia
487 2461 629 2522 lcrmldnt
643 2461 778 2524 deiecisse
792 2465 824 2526 in
835 2466 1015 2544 integritate,
1037 2469 1084 2527 vel
1106 2469 1139 2531 in

46 2556 53 2563 '
129 2551 250 2620 delore,
262 2547 288 2607 si
302 2547 364 2624 ipse
383 2547 550 2626 generalem
571 2546 780 2608 consessionem
793 2548 856 2627 jam
874 2550 943 2610 alies
954 2551 1138 2630 expleverit,

130 2643 181 2694 aut
200 2651 254 2712 per
265 2630 386 2707 aliquod
401 2630 531 2690 notnbile
546 2637 661 2709 tempus
683 2633 876 2693 confessiones
892 2651 958 2695 sues
983 2635 1140 2711 diligenter

130 2717 290 2798 peregerit,
309 2713 379 2774 huie
401 2715 553 2794 imponat,
576 2733 614 2775 nc
636 2714 762 2795 emplius
778 2716 885 2794 cogitet
898 2715 936 2776 de
957 2718 1049 2794 culpis
1063 2736 1142 2794 pree-

131 2804 227 2863 teritis
240 2844 248 2873 ,
260 2818 315 2860 uec
328 2800 365 2860 de
379 2799 415 2858 iis
428 2799 553 2860 verbum
570 2800 656 2860 faciut
676 2801 707 2860 in
733 2800 911 2860 confessione
923 2844 932 2873 ,
954 2801 1011 2861 nisi
1036 2800 1139 2879 jmme

132 2886 224 2964 possit
235 2882 314 2944 cartb
333 2893 448 2962 peccate
462 2885 510 2944 ille
524 2885 657 2945 mortalia
672 2893 866 2964 perpetrasse,
877 2893 906 2945 et
919 2886 1038 2965 insuper
1050 2903 1143 2947 uum-

133 2968 270 3048 quamde
281 2968 339 3027 illis
351 2968 512 3031 confessum
520 2987 592 3030 esse.
607 2968 671 3031 lmb
684 2969 790 3029 docent
799 2969 888 3030 Δῖον.
902 2971 1014 3030 Boreae.
1026 2971 1137 3033 Becare.

135 3049 275 3115 Conincb.
285 3053 435 3130 bogmcre,
449 3062 478 3114 et
485 3052 540 3116 olii
548 3099 557 3127 ‚
571 3052 651 3132 qubd
667 3052 825 3131 aliquando
837 3063 934 3131 potest
953 3055 1019 3132 quis
1041 3053 1139 3116 taliter

131 3136 277 3216 scrupulis
288 3136 373 3213 engi,
387 3136 464 3213 qubd
477 3138 546 3200 licit
557 3138 728 3200 eirideetnr
740 3136 820 3198 certb
831 3139 930 3217 eliqua
941 3139 1137 3212 condixisse,

131 3220 228 3284 adbuc
244 3219 281 3279 ad
293 3218 500 3284 ee'confiteude
519 3243 580 3284 non
597 3231 742 3283 teneatur.
768 3223 929 3284 Confirmet
947 3223 979 3283 id
1001 3222 1142 3302 Wigoredt

130 3303 441 3386 appositescribeme
467 3308 593 3368 Minime
621 3303 800 3367 audiendum
834 3304 1054 3389 scrupulosam,
1085 3306 1140 3387 poi

129 3386 215 3452 cetto
233 3395 358 3470 repetere
367 3387 578 3470 confecissem
596 3409 669 3452 rone
690 3388 777 3465 dcto,
805 3389 884 3472 quid
899 3389 1003 3475 aliquo
1021 3398 1140 3473 perroto

129 3469 421 3552 oonsitcorrfesserc,
443 3473 587 3558 torreret
609 3478 699 3556 praee
711 3475 972 3553 soorodornrrom,
985 3484 1014 3537 et
1035 3473 1070 3536 ob
1085 3493 1139 3557 pe·

127 3555 254 3618 ricriom
264 3558 405 3638 perpetui
414 3556 547 3619 herradi
555 3558 589 3618 ire
602 3566 688 3619 tereto
700 3558 862 3637 anxietate,
874 3568 1031 3621 coematur
1042 3557 1078 3621 ab
1090 3561 1139 3623 ins

129 3642 262 3721 tepritote
271 3636 476 3720 confusionis.
504 3642 539 3702 ln
556 3638 616 3703 bec
634 3649 735 3703 nutem
748 3643 940 3706 vehementer
958 3644 1048 3707 instet
1067 3660 1138 3706 con·
