2617 4192
128 207 206 262 crrir
525 202 735 259 mutationis

136 315 146 345 ι
167 296 242 361 quir,
263 290 413 359 huiusmodi
428 291 590 360 baptismum
611 294 757 359 suscepisse
771 292 898 347 dicendus
914 292 976 360 est).
994 292 1047 349 Sed
1062 296 1133 351 torto

132 387 143 416 ι
162 367 282 421 Puutiiex
293 367 423 419 dubitarit
434 366 468 419 de
479 367 536 419 solo
547 365 633 419 iruotu
648 367 775 430 Baptisut
790 367 825 418 ab
841 379 875 420 eo
892 368 1018 431 suscepti.

162 440 273 493 reddit
297 447 420 505 preterea
442 439 467 492 is
486 441 603 503 Auctor,
625 439 774 491 dtrbitatum
795 438 830 491 de
851 439 983 504 nuptismo
1004 453 1133 506 aegrorum

130 513 370 566 succumbentium
390 512 473 566 luisse
493 515 572 564 etiam
590 513 684 565 monio
707 520 797 574 sexto,
822 525 875 578 quo
896 513 964 564 uixit
985 514 1134 568 Ferraudus

123 605 140 633 s
160 586 302 646 bissenus,
317 583 363 649 qui
377 586 444 636 banc
463 598 538 637 suam
554 585 747 638 dubitationem
763 584 901 650 proposuit
919 585 1055 650 Fuigentio
1067 587 1132 651 lipi-

130 676 139 703 ι
158 670 238 722 scopo
253 657 392 721 suspensi.
408 656 459 709 Sed
478 657 502 709 is
516 671 570 709 non
587 657 718 710 dubitarit
735 656 770 709 de
789 659 877 709 valore
891 656 1017 721 Baptismi
1038 658 1130 721 iliius,

126 748 139 776 ι
158 741 191 781 11
210 729 281 794 quod
300 737 371 782 esset
389 730 495 782 ablutus
516 743 585 794 aeger
603 730 781 791 decumbens,
802 730 849 781 sed
868 729 939 795 quod
958 736 1031 782 esset
1049 731 1131 782 mini·

127 809 253 853 istratus
270 814 339 864 aepro
359 803 481 853 sensibus
501 800 637 853 destituto.
660 802 719 853 ilaec
740 809 826 853 mmeu
846 801 904 866 ipsa
926 802 1057 854 dubitatio
1076 816 1131 856 uon

123 891 138 920 e
156 880 197 926 est
210 873 288 939 diam
300 875 417 926 iioctore.
428 875 537 926 ineram
553 875 610 938 elus
627 873 721 936 rerba,
734 885 792 938 quae
805 879 894 926 essent
905 872 986 926 etiam
996 873 1129 928 afferenda

126 964 137 993 ι
156 952 262 1010 propter
274 946 463 1009 eruditionem,
478 959 556 1010 quam
574 946 719 996 continent.

158 1034 169 1065 1
183 1017 312 1083 itenpiosi
322 1019 457 1081 cujusdam
470 1020 518 1069 viri
531 1018 657 1077 tumulus,
669 1016 834 1068 dominorum
845 1015 962 1067 iideiium
973 1016 1125 1081 diligentia,

123 1108 136 1133 r
155 1089 327 1142 Sacrameutls
355 1090 542 1141 ecciesiasticis
561 1088 720 1141 imbuendus
736 1089 769 1139 ad
789 1088 930 1140 Ecclesiam
950 1089 1080 1152 traditur;
1097 1090 1128 1142 iit

123 1175 187 1214 ·er
205 1176 278 1215 more
297 1164 521 1223 catechumenum
541 1170 602 1227 post
622 1162 784 1226 aliquantum
808 1162 978 1214 nihilominus
1000 1164 1127 1235 temporis

123 1251 134 1280 ι
155 1235 344 1300 propinquante
369 1236 535 1287 solemnitate
557 1235 675 1287 Pascirali
704 1235 773 1285 inter
798 1240 978 1297 competentes
1000 1234 1125 1300 oliermr,

123 1326 133 1356 ι
152 1309 288 1369 scribitur,
304 1306 445 1360 eruditur:
464 1307 585 1358 uniuersa
602 1319 707 1371 quoque
725 1305 870 1369 Religionis
888 1305 1026 1357 catholicae
1047 1319 1126 1358 reue-

123 1398 132 1430 1
152 1379 232 1432 nanda
247 1379 370 1444 mysteria
384 1393 545 1444 cognosceus
562 1387 641 1442 atque
660 1379 806 1443 percipiens
823 1377 956 1430 celebrato
973 1378 1126 1431 solemniter

122 1470 133 1499 ι
152 1452 277 1504 scrutinio
298 1465 346 1517 per
371 1452 547 1503 exorcismum
569 1458 661 1502 contra
688 1451 821 1501 diabolum
842 1449 1007 1513 vindicetur,
1030 1450 1073 1500 cui
1093 1463 1125 1503 se

122 1544 131 1570 ι
151 1525 299 1577 muntiare
315 1531 482 1584 constanter,
499 1524 568 1575 sicut
583 1523 627 1574 iric
643 1522 805 1574 cousuetudo
824 1522 967 1585 poscebat,
985 1522 1125 1575 auditurus

120 1613 131 1642 ι
150 1598 295 1661 symbolum
312 1597 457 1660 protuetur.
471 1597 529 1659 ipsa
541 1597 648 1658 insuper
662 1596 746 1646 ancti
757 1593 871 1659 Symboll
883 1595 961 1645 verba
972 1595 1124 1648 memoriter

120 1685 131 1716 ι
151 1668 179 1719 11
190 1675 331 1733 conspectu
347 1668 433 1721 idelis
448 1669 539 1732 populi
556 1668 624 1719 clara
642 1680 704 1720 rose
719 1666 904 1730 pronuntians,
920 1667 990 1730 piam
1006 1668 1124 1731 regulam

118 1757 130 1789 r
150 1741 289 1793 bomiuicae
305 1741 434 1793 orationis
453 1741 570 1805 accepit,
587 1740 717 1804 simulque
736 1747 763 1792 et
779 1739 842 1803 quid
860 1738 990 1799 crederet,
1011 1740 1123 1804 etquid

119 1831 129 1859 r
149 1823 237 1866 oraret
253 1814 426 1878 intelligens,
442 1813 531 1865 intuto
551 1813 702 1877 baptismati
715 1811 873 1877 parabatur,
890 1824 947 1862 cum
963 1810 1051 1862 subito
1063 1812 1125 1865 riu-

118 1903 129 1932 ·
148 1887 227 1939 lentis
240 1889 373 1939 inuaditur
384 1886 518 1950 febribus,
534 1893 563 1939 et
579 1894 712 1938 crescente
729 1885 818 1936 lethali
830 1883 981 1934 infirmitate
993 1883 1123 1937 turbatur.

118 1977 128 2007 ι
149 1956 282 2013 Persuasit
298 1961 399 2012 dierum
414 1960 529 2011 brevitas
540 1996 547 2019 ,
559 1967 589 2011 ut
602 1959 635 2010 ad
650 1959 749 2010 iontem
764 1957 864 2008 suteris
875 1955 1024 2008 abluendus
1035 1956 1122 2008 dilier·

118 2050 129 2079 ι
147 2040 236 2094 retur,
257 2034 313 2084 slve
334 2034 422 2096 potius
441 2040 607 2094 seruaretur,
623 2039 651 2082 et
668 2030 732 2095 quid
749 2031 869 2095 pluribus
889 2029 1032 2080 immorer?
1050 2029 1120 2082 liora

116 2120 126 2149 r
146 2111 268 2168 exoptata
286 2105 386 2156 eunctis
401 2103 540 2154 advenerat
542 2139 601 2154 ......
614 2104 685 2154 'lunc
702 2103 748 2155 ilie
769 2105 796 2153 iu
816 2111 932 2154 extremo
953 2102 1036 2152 baiitu
1055 2114 1121 2152 con·

116 2194 126 2225 r
145 2179 254 2230 stitutus
273 2178 331 2228 sine
346 2188 422 2236 uoce,
441 2177 499 2228 siue
518 2185 607 2238 motu,
626 2176 684 2227 siue
701 2189 780 2228 seusu
799 2177 865 2227 nibil
882 2176 971 2227 valens
986 2174 1119 2228 Sacerdoti

116 2267 129 2297 a
148 2248 319 2311 interroganti
343 2247 522 2311 respondere,
550 2247 723 2300 deferentium
745 2249 866 2300 manibus
890 2248 1065 2311 adportatur,
1090 2252 1119 2300 et

114 2341 124 2372 ι
145 2335 193 2388 pro
210 2335 242 2374 eo
257 2323 335 2373 nobis
352 2324 427 2386 quasi
445 2336 492 2387 pro
512 2323 611 2375 infante
631 2324 970 2387 respondentibus,meute
987 2323 1119 2373 absentis·

114 2397 226 2448 »sinms
249 2396 350 2461 accepit
372 2395 553 2460 Baptismum,
576 2410 654 2462 quem
677 2411 706 2450 se
729 2398 879 2460 accepisse,
904 2403 965 2460 post
984 2397 1118 2461 paululum

115 2477 278 2529 emortuus,
302 2470 330 2520 in
351 2470 399 2520 bae
419 2473 539 2533 presenti
561 2472 675 2523 arbitror
699 2471 751 2523 nita
772 2471 892 2522 nescivit.
915 2470 1005 2532 Quaero
1026 2483 1117 2532 nuuc,

115 2560 125 2588 ι
146 2549 230 2594 utrum
249 2541 316 2593 nibil
335 2542 369 2593 ad
387 2548 509 2595 eternam
526 2543 717 2596 beatitudiuem
735 2541 945 2609 consequendam
961 2555 1011 2594 uos
1030 2543 1117 2594 ablata

114 2617 272 2668 tumuerit.

146 2705 158 2736 ι
176 2688 224 2750 Qui
243 2686 322 2740 modo
340 2701 373 2739 es
390 2694 443 2739 tam
460 2688 543 2740 debili
564 2687 733 2742 fundamento
753 2688 824 2739 uocis
843 2689 959 2749 amissae,
976 2693 1004 2738 et
1022 2699 1117 2739 sensus

113 2779 122 2807 ι
143 2761 377 2826 impedit'rdubitet
388 2762 420 2812 de
437 2763 538 2822 valore,
555 2770 600 2812 aut
611 2762 644 2814 de
662 2762 745 2813 fructu
757 2761 872 2825 praedicti
887 2759 1026 2823 baptismi,
1037 2773 1116 2822 quem

113 2851 121 2878 ι
143 2835 280 2886 constabat
292 2847 350 2884 esse
365 2835 487 2885 collatum
501 2835 600 2885 bomini
613 2835 687 2898 prius
699 2836 738 2886 sic
752 2835 893 2891 instructo,
906 2833 944 2883 sic
956 2837 1114 2896 praeparato,

113 2925 122 2957 r
145 2906 314 2972 cupidoquet
336 2907 382 2958 iiia
394 2907 483 2964 ,etiam
502 2909 581 2967 verba
601 2907 714 2957 notando
737 2914 797 2957 sunt
818 2921 825 2955 ι
845 2903 988 2955 Persuasit
1006 2902 1115 2957 dicrum

112 2995 120 3024 r
141 2976 274 3037 brevitas,
297 2981 329 3029 ut
349 2977 386 3029 ud
405 2977 510 3045 sontem
528 2978 634 3030 cetaria
652 2977 806 3031 abluendus
827 2976 992 3043 differretur.
1012 2977 1045 3027 iit
1066 2989 1115 3027 cur

114 3069 122 3094 n
145 3063 197 3102 nun
214 3052 344 3117 persuasit
364 3051 490 3116 charitas,
507 3060 537 3102 ut
553 3053 618 3103 nibil
630 3051 795 3103 differretur?
808 3051 889 3101 immo
906 3047 1043 3112 quomodo
1058 3062 1112 3100 nou

110 3138 119 3169 r
139 3123 266 3189 obligauit
282 3123 395 3175 ebaritas
414 3125 479 3175 nibil
497 3125 602 3176 differre
612 3163 619 3186 ,
631 3139 689 3176 cum
703 3125 757 3188 iarn
774 3136 841 3187 aeger
853 3130 997 3173 moreretur
1015 3127 1043 3173 ct
1060 3121 1112 3171 Bn-

112 3216 121 3242 »
143 3198 267 3259 ptismum
289 3203 405 3258 peteret,
428 3210 487 3248 oum
507 3199 649 3262 praesertim
673 3200 790 3248 canones
811 3196 881 3260 ipsi,
905 3195 951 3259 qui
973 3194 1112 3246 Paesinates

109 3281 119 3312 a
139 3269 271 3332 Baptismo
288 3266 345 3318 dies
362 3268 571 3333 destinauerant,
589 3271 767 3335 periclitantes
784 3269 876 3332 quovis
891 3275 1009 3336 tempore
1026 3266 1110 3328 bapti-

82 3342 191 3401 ,raari
214 3340 407 3405 praecipereuti
431 3343 507 3393 Certe
528 3344 616 3395 nuilus
635 3344 754 3408 quamuis
782 3341 875 3391 iudmae
899 3349 967 3391 notae
991 3339 1111 3391 casuista

108 3412 288 3464 »dilationem
312 3414 429 3476 quamuis
451 3415 630 3467 brevissimam
660 3415 830 3479 permisisset.
853 3412 999 3464 Perreudus
1021 3421 1109 3463 tamen

108 3502 117 3527 ι
137 3496 168 3534 ea
187 3490 263 3534 aetate
277 3483 386 3543 doctus,
401 3498 431 3536 ac
447 3486 539 3538 doctor
551 3488 670 3552 reilgioni
688 3488 741 3538 sibi
758 3487 847 3548 duxit,
860 3485 1014 3537 lustralibus
1031 3486 1110 3549 aquis

106 3570 116 3598 r
136 3561 208 3604 extra
219 3553 285 3604 illud
299 3561 401 3616 tempus
411 3556 512 3619 tingere
521 3559 575 3620 jam
585 3561 638 3622 jam
654 3560 818 3609 moriturum.

136 3622 238 3675 sideru
260 3624 406 3676 Perraudus
430 3629 481 3678 sub
504 3629 580 3681 111111
603 3631 721 3694 epistula
742 3630 808 3680 banc
828 3630 906 3681 aliam
931 3627 1103 3693 quaestionem
