2617 4192
165 251 198 301 nc
473 230 858 315 DissertatioProlepooteoa.⁸

166 329 277 392 nbnsus,
286 327 332 392 nui
345 324 442 391 passim
453 324 480 375 iu
489 323 778 388 intiprobabiiisiarnm
787 321 949 388 theologicis
959 321 1172 389 iilrisorctrriin

166 400 276 453 manime
298 399 430 463 postuiat,
455 400 485 446 ui
507 396 571 447 certi
592 396 697 459 quitiam
719 408 833 446 canores
851 408 898 458 pro
923 402 994 447 recto
1017 399 1174 452 eorumden

165 470 282 527 locorum
292 485 343 525 usn
357 469 519 521 definiantur.
533 468 652 520 concinae
666 466 693 518 iu
710 476 835 531 apparatu
855 468 888 518 ad
909 481 982 519 suam
998 470 1172 535 'theologiam

165 546 336 597 Christianam
353 543 456 596 simiam
469 552 548 607 acono
565 542 677 604 plrcuir.
699 549 727 591 ct
743 544 913 604 quum‘meos
930 540 965 592 ilc
980 541 1046 593 iocis
1061 545 1171 596 lloraiis

164 617 309 681 'lieoioglae
327 622 451 667 tractatus
465 614 589 674 vidisset,
607 614 666 678 ipse
681 614 761 665 etiam
781 614 815 665 dc
833 612 876 664 iris
894 613 1030 677 disputare
1046 627 1173 679 agressus

164 690 350 752 est3sednii1il
367 689 443 740 bonae
459 686 543 751 impis
554 687 615 738 indo
626 687 771 746 emundas,
784 687 923 737 verborum
935 687 1000 738 adeo
1014 687 1090 751 piena
1108 697 1174 741 suut

165 764 265 824 omnia,
274 758 460 835 conviciorum,
472 758 696 820 declamationum,
706 759 804 822 niquis
814 758 892 822 unlus
903 759 1063 810 tramarionis
1075 772 1173 823 scopus

163 835 214 896 sit,
226 847 259 887 ne
276 834 435 886 intellexisse
445 833 551 897 quidem
572 831 699 881 videniur.
713 833 741 882 ln
753 832 844 882 endem
855 831 905 883 inoc
914 832 1008 881 iterum
1019 841 1173 896 argumento
1234 836 1240 844 ’

164 910 302 969 versabor,
320 906 409 958 multis
427 903 625 970 praetermissis,
644 916 703 967 quae
720 904 970 955 minus‘necessaria
991 910 1067 966 sunt,
1087 906 1174 957 auctis

164 991 243 1040 nero,
253 988 282 1031 et
292 979 450 1031 confirmatis
465 978 512 1037 iis,
524 988 581 1040 qum
593 976 626 1025 aii
642 977 759 1026 locorum
773 976 895 1028 horumce
906 989 998 1037 usum,
1014 977 1174 1043 praecipuum

166 1053 265 1104 scilicet
276 1052 356 1117 liuius
369 1050 562 1114 disquisitionis
573 1049 651 1100 linem
663 1049 804 1112 pertinent.

482 1294 485 1303 ·
578 1258 705 1319 cicili
729 1261 755 1320 i.
843 1302 846 1309 .

492 1436 536 1497 Dc
557 1436 718 1516 Scripturis
740 1438 841 1498 succis.

636 1612 660 1679 5.
679 1612 699 1663 r.

287 1783 455 1867 Quolupch
468 1785 507 1847 sii
525 1801 675 1845 sacrarum
690 1781 911 1863 scripturarum
930 1766 1041 1848 seusus.
1095 1762 1100 1777 ⁸

162 1964 299 2089 Turrim
316 2039 357 2084 est
378 2031 568 2095 scripturarum
591 2040 701 2088 sensus,
718 2004 876 2086 litteriis,
896 2026 942 2090 qui
962 2033 989 2077 et
1008 2024 1169 2082 Historiae

161 2111 270 2170 (licitur,
281 2105 352 2170 quod
364 2105 394 2154 in
405 2103 515 2155 historia
533 2101 662 2153 elucescat
674 2099 698 2149 is
710 2098 839 2160 maxime,
852 2096 1002 2164 ripaticos,
1015 2101 1040 2151 ei
1051 2101 1168 2154 riccom-

160 2176 331 2232 mocntitioa.
345 2176 430 2226 Unum
451 2172 592 2225 litteralem
609 2185 714 2223 sensum
734 2170 875 2223 admittunt
891 2171 1049 2233 Novatores,
1062 2186 1129 2237 quos
1147 2176 1166 2226 a

159 2253 309 2303 salmerone
318 2245 425 2314 proiep.
437 2250 462 2298 7.
476 2246 579 2298 serario
597 2258 661 2312 cop.
673 2244 716 2297 21.
730 2244 867 2300 lionircrio
880 2258 942 2312 cop.
955 2245 997 2298 20.
1009 2246 1069 2299 ilidii
1085 2247 1165 2299 relic·

160 2331 260 2376 menter
271 2321 434 2384 exagitatos,
447 2319 643 2382 confossusque.

190 2400 350 2456 littoralem
365 2412 470 2455 sensum
486 2401 615 2462 dicimus,
632 2413 709 2465 quern
727 2404 821 2464 rerba,
832 2402 892 2454 sine
902 2401 1024 2465 proprie,
1035 2402 1091 2453 sive
1104 2412 1164 2452 ms·

157 2476 291 2543 taplrorics
305 2481 410 2540 accepta
427 2488 460 2526 ex
476 2474 589 2538 Spiritus
603 2475 686 2525 saucii
702 2475 836 2540 loquentis
852 2475 998 2527 intentione
1015 2475 1118 2537 primo,
1135 2481 1164 2527 ct

158 2551 309 2605 immediate
330 2548 486 2626 significant.
504 2547 561 2599 lion
578 2549 648 2598 enim
666 2548 691 2599 is
707 2549 887 2601 laniummodo
906 2548 1051 2600 litterarius
1069 2559 1163 2600 seusus

158 2626 212 2689 esi,
224 2637 301 2692 quem
318 2623 397 2691 acrba
414 2622 520 2687 proprie
535 2621 591 2672 sine
608 2629 683 2686 tropo
701 2623 862 2685 significant3
877 2622 942 2672 alias
959 2621 1034 2685 picra
1044 2620 1163 2684 Scriptu-

158 2713 245 2752 rarum
260 2699 317 2750 ioca
334 2694 440 2748 litterali
459 2708 537 2748 sensu
553 2704 680 2746 carerent.
696 2697 760 2746 ilinc
776 2697 871 2747 merito
888 2695 1060 2745 Beliarminus
1075 2691 1122 2746 lii.
1133 2695 1160 2745 ὅ.

157 2785 219 2838 cop.
238 2772 264 2824 ὅ.
287 2770 357 2835 apud
379 2770 510 2820 serarium
531 2766 621 2830 dccci,
645 2767 775 2832 duplicem
794 2778 855 2820 esse
874 2767 1013 2836 litteralem
1037 2777 1159 2828 sensam,

155 2842 302 2912 proprium
315 2851 344 2921 ct
357 2842 520 2910 fleureium.

189 2919 323 2992 Mytiicrti
338 2933 417 2989 porro
434 2926 458 2977 is
472 2930 526 2988 est,
544 2926 589 2989 qui
604 2937 656 2975 nun
671 2925 790 2989 proxime
804 2934 951 2987 precarem,
963 2920 1011 2973 sed
1029 2921 1160 2983 mediate,

156 3005 307 3061 etreruotc‚
320 2998 414 3050 mediis
429 2997 528 3049 scilicet
543 3000 622 3049 rebus
637 3010 685 3061 per
698 3008 775 3048 voces
791 2992 869 3047 'sensu
885 2994 993 3046 litterali
1009 2993 1161 3058 significatis

157 3074 171 3124 i
190 3071 286 3137 spiritu
307 3080 397 3143 sancto
417 3073 554 3124 indicatur·
575 3072 728 3135 Exemplum
748 3077 807 3122 esto
826 3068 892 3121 iilnil
911 3069 1022 3120 Doctior.
1039 3067 1083 3120 25.
1098 3068 1162 3121 Nora

156 3143 287 3212 cliipcit'a'
297 3144 329 3209 oa
340 3143 403 3199 inni
414 3142 569 3198 trituranti.
581 3145 631 3196 ilbi
641 3158 734 3196 sensus
751 3144 873 3196 litteralis
886 3142 910 3195 is
922 3148 975 3203 cat,
990 3152 1068 3205 quem
1082 3141 1162 3192 nerlia
1180 3195 1189 3211 x

69 3272 77 3280 ‚
156 3218 285 3280 indicare
298 3219 421 3284 mysticus
432 3232 507 3280 vero,
523 3225 550 3270 ui
562 3220 588 3269 S.
597 3219 694 3270 Paulus
702 3221 726 3270 i.
740 3214 804 3270 Cor.
816 3219 841 3270 9.
854 3210 979 3281 explicat,
991 3214 1163 3276 Ductoribus,

155 3300 182 3345 et
201 3292 433 3350 concionatoribus
452 3294 596 3344 necessaria
617 3292 650 3345 cd
668 3292 767 3344 rictum
787 3289 978 3356 suppeditanda
995 3300 1056 3340 csse
1075 3287 1161 3350 sigui·

155 3366 223 3419 licat.
241 3367 325 3432 Quum
341 3375 429 3419 nutem
447 3381 490 3421 ros
505 3367 633 3429 mediate,
656 3374 684 3419 et
702 3373 801 3418 remote
817 3367 844 3417 iu
865 3364 1006 3430 scripturis
1021 3375 1162 3428 periotes

154 3439 289 3503 indicatae,
299 3447 353 3492 tres
363 3439 444 3492 relnti
453 3441 480 3491 in
493 3440 590 3492 classes
601 3440 683 3490 tribui
693 3440 911 3505 possint,tripicx
921 3448 1025 3502 qnoque
1035 3432 1165 3499 mysticis.

154 3525 247 3563 sensus
264 3513 280 3563 a
296 3512 452 3564 lioctmibus
470 3513 595 3564 statuitur
607 3526 614 3562 ε
628 3509 818 3579 Alcyoneus,
832 3512 879 3576 qui
898 3523 942 3563 res
956 3498 1117 3568 credendas,
1130 3513 1160 3559 ei

155 3584 189 3633 ad
210 3583 365 3633 militantem
387 3584 529 3635 Ecclesiam
547 3585 707 3649 pertinentes
727 3584 875 3647 signiticai,
896 3579 1092 3649 impaciens,
1111 3580 1159 3641 qui

155 3652 224 3703 circa
246 3662 292 3702 res
312 3653 472 3716 sperandas,
492 3666 523 3705 ac
542 3656 729 3718 triumphantis
746 3657 867 3710 Ecclesiae
885 3655 1005 3722 proprias
1020 3658 1164 3714 ceinture
