<?xml version="1.0" encoding="UTF-8"?>
<!DOCTYPE html PUBLIC "-//W3C//DTD XHTML 1.0 Transitional//EN"
    "http://www.w3.org/TR/xhtml1/DTD/xhtml1-transitional.dtd">
<html xmlns="http://www.w3.org/1999/xhtml" xml:lang="en" lang="en">
 <head>
  <title>
</title>
<meta http-equiv="Content-Type" content="text/html;charset=utf-8" />
  <meta name='ocr-system' content='tesseract 3.04.00' />
  <meta name='ocr-capabilities' content='ocr_page ocr_carea ocr_par ocr_line ocrx_word'/>
</head>
<body>
  <div class='ocr_page' id='page_1' title='image "./theologiamorali03heilgoog_0098.png"; bbox 0 0 2617 4192; ppageno 0'>
   <div class='ocr_carea' id='block_1_1' title="bbox 174 220 1015 295">
    <p class='ocr_par' dir='ltr' id='par_1_1' title="bbox 174 220 1015 295">
     <span class='ocr_line' id='line_1_1' title="bbox 174 220 1015 295; baseline 0.008 -15"><span class='ocrx_word' id='word_1_1' title='bbox 174 220 278 294; x_wconf 75' lang='lat' dir='ltr'><strong><em>muntii</em></strong></span> <span class='ocrx_word' id='word_1_2' title='bbox 334 225 499 282; x_wconf 79' lang='lat' dir='ltr'><strong><em>Dissertatio</em></strong></span> <span class='ocrx_word' id='word_1_3' title='bbox 515 224 724 295; x_wconf 78' lang='lat' dir='ltr'><strong><em>Proieqosnena.</em></strong></span> <span class='ocrx_word' id='word_1_4' title='bbox 740 229 814 282; x_wconf 76' lang='lat' dir='ltr'><strong><em>Pars</em></strong></span> <span class='ocrx_word' id='word_1_5' title='bbox 825 232 848 283; x_wconf 79' lang='grc' dir='ltr'><strong><em>Ι.</em></strong></span> <span class='ocrx_word' id='word_1_6' title='bbox 861 229 1015 287; x_wconf 78' lang='lat' dir='ltr'><strong><em>Historiea.</em></strong></span> 
     </span>
    </p>
   </div>
   <div class='ocr_carea' id='block_1_2' title="bbox 108 312 1247 3502">
    <p class='ocr_par' dir='ltr' id='par_1_2' title="bbox 108 312 1247 3502">
     <span class='ocr_line' id='line_1_2' title="bbox 173 312 1185 383; baseline 0.008 -16"><span class='ocrx_word' id='word_1_7' title='bbox 173 312 372 376; x_wconf 70' lang='lat' dir='ltr'><strong><em>ecousiaeticis,</em></strong></span> <span class='ocrx_word' id='word_1_8' title='bbox 385 314 418 368; x_wconf 83' lang='lat' dir='ltr'><strong><em>de</em></strong></span> <span class='ocrx_word' id='word_1_9' title='bbox 427 327 523 369; x_wconf 83' lang='lat' dir='ltr'><strong><em>sorum</em></strong></span> <span class='ocrx_word' id='word_1_10' title='bbox 533 312 708 383; x_wconf 69' lang='lat' dir='ltr'><strong><em>provisione,</em></strong></span> <span class='ocrx_word' id='word_1_11' title='bbox 720 315 920 383; x_wconf 85' lang='lat' dir='ltr'><strong><em>acquisitione,</em></strong></span> <span class='ocrx_word' id='word_1_12' title='bbox 933 317 1097 382; x_wconf 80' lang='lat' dir='ltr'><strong><em>cottctione,</em></strong></span> <span class='ocrx_word' id='word_1_13' title='bbox 1114 334 1185 379; x_wconf 80' lang='lat' dir='ltr'><strong><em>one·</em></strong></span> 
     </span>
     <span class='ocr_line' id='line_1_3' title="bbox 172 384 1183 457; baseline 0.009 -18"><span class='ocrx_word' id='word_1_14' title='bbox 172 384 264 446; x_wconf 82' lang='lat' dir='ltr'><strong><em>riius,</em></strong></span> <span class='ocrx_word' id='word_1_15' title='bbox 276 386 459 448; x_wconf 72' lang='lat' dir='ltr'><strong><em>utilitatibus,</em></strong></span> <span class='ocrx_word' id='word_1_16' title='bbox 470 385 630 448; x_wconf 85' lang='lat' dir='ltr'><strong><em>uacatione,</em></strong></span> <span class='ocrx_word' id='word_1_17' title='bbox 645 386 809 452; x_wconf 90' lang='lat' dir='ltr'><strong><em>omissione,</em></strong></span> <span class='ocrx_word' id='word_1_18' title='bbox 826 389 977 452; x_wconf 80' lang='lat' dir='ltr'><strong><em>diuisione,</em></strong></span> <span class='ocrx_word' id='word_1_19' title='bbox 990 395 1183 457; x_wconf 82' lang='lat' dir='ltr'><strong><em>eutructione,</em></strong></span> 
     </span>
     <span class='ocr_line' id='line_1_4' title="bbox 173 459 1216 533; baseline 0.01 -23"><span class='ocrx_word' id='word_1_20' title='bbox 173 459 323 519; x_wconf 75' lang='lat' dir='ltr'><strong><em>erectione,</em></strong></span> <span class='ocrx_word' id='word_1_21' title='bbox 336 459 447 513; x_wconf 88' lang='lat' dir='ltr'><strong><em>unione.</em></strong></span> <span class='ocrx_word' id='word_1_22' title='bbox 458 459 685 528; x_wconf 74' lang='lat' dir='ltr'><strong><em>liep&#39;uramento,</em></strong></span> <span class='ocrx_word' id='word_1_23' title='bbox 698 464 723 513; x_wconf 89' lang='lat' dir='ltr'><strong><em>et</em></strong></span> <span class='ocrx_word' id='word_1_24' title='bbox 741 466 823 521; x_wconf 86' lang='lat' dir='ltr'><strong><em>uoto,</em></strong></span> <span class='ocrx_word' id='word_1_25' title='bbox 836 475 984 531; x_wconf 84' lang='lat' dir='ltr'><strong><em>eorumque</em></strong></span> <span class='ocrx_word' id='word_1_26' title='bbox 994 463 1182 533; x_wconf 81' lang='lat' dir='ltr'><strong><em>obiiqatione,</em></strong></span> <span class='ocrx_word' id='word_1_27' title='bbox 1213 470 1216 475; x_wconf 84' lang='lat'>&#39;</span> 
     </span>
     <span class='ocr_line' id='line_1_5' title="bbox 172 529 1247 602; baseline 0.015 -21"><span class='ocrx_word' id='word_1_28' title='bbox 172 529 365 594; x_wconf 75' lang='lat' dir='ltr'><strong><em>relaxatione,</em></strong></span> <span class='ocrx_word' id='word_1_29' title='bbox 375 531 552 592; x_wconf 75' lang='lat' dir='ltr'><strong><em>irritatione,</em></strong></span> <span class='ocrx_word' id='word_1_30' title='bbox 563 533 788 586; x_wconf 82' lang='lat' dir='ltr'><strong><em>commutatione.</em></strong></span> <span class='ocrx_word' id='word_1_31' title='bbox 801 536 840 587; x_wconf 81' lang='lat' dir='ltr'><strong><em>ite</em></strong></span> <span class='ocrx_word' id='word_1_32' title='bbox 850 534 1039 602; x_wconf 82' lang='lat' dir='ltr'><strong><em>adjuratione.</em></strong></span> <span class='ocrx_word' id='word_1_33' title='bbox 1052 540 1092 591; x_wconf 78' lang='lat' dir='ltr'><strong><em>De</em></strong></span> <span class='ocrx_word' id='word_1_34' title='bbox 1102 544 1186 594; x_wconf 73' lang='lat' dir='ltr'><strong><em>statu</em></strong></span> <span class='ocrx_word' id='word_1_35' title='bbox 1242 590 1247 598; x_wconf 86' lang='lat'><strong><em>.</em></strong></span> 
     </span>
     <span class='ocr_line' id='line_1_6' title="bbox 172 602 1185 679; baseline 0.012 -26"><span class='ocrx_word' id='word_1_36' title='bbox 172 602 325 671; x_wconf 77' lang='lat' dir='ltr'><strong><em>deiiqioso,</em></strong></span> <span class='ocrx_word' id='word_1_37' title='bbox 348 604 460 672; x_wconf 74' lang='lat' dir='ltr'><strong><em>eiusque</em></strong></span> <span class='ocrx_word' id='word_1_38' title='bbox 479 605 671 672; x_wconf 70' lang='lat' dir='ltr'><strong><em>susceptione,</em></strong></span> <span class='ocrx_word' id='word_1_39' title='bbox 692 604 882 673; x_wconf 67' lang='lat' dir='ltr'><strong><em>protentione,</em></strong></span> <span class='ocrx_word' id='word_1_40' title='bbox 902 606 1098 672; x_wconf 81' lang='lat' dir='ltr'><strong><em>relocatione,</em></strong></span> <span class='ocrx_word' id='word_1_41' title='bbox 1119 612 1185 679; x_wconf 86' lang='lat' dir='ltr'><strong><em>pri·</em></strong></span> 
     </span>
     <span class='ocr_line' id='line_1_7' title="bbox 171 674 1186 752; baseline 0.008 -24"><span class='ocrx_word' id='word_1_42' title='bbox 171 674 287 742; x_wconf 88' lang='lat' dir='ltr'><strong><em>uithiis.</em></strong></span> <span class='ocrx_word' id='word_1_43' title='bbox 298 679 405 730; x_wconf 74' lang='lat' dir='ltr'><strong><em>Rursus</em></strong></span> <span class='ocrx_word' id='word_1_44' title='bbox 422 676 455 730; x_wconf 86' lang='lat' dir='ltr'><strong><em>de</em></strong></span> <span class='ocrx_word' id='word_1_45' title='bbox 471 676 546 729; x_wconf 84' lang='lat' dir='ltr'><strong><em>uitiis</em></strong></span> <span class='ocrx_word' id='word_1_46' title='bbox 557 675 697 744; x_wconf 80' lang='lat' dir='ltr'><strong><em>iistiqioni</em></strong></span> <span class='ocrx_word' id='word_1_47' title='bbox 712 677 866 745; x_wconf 85' lang='lat' dir='ltr'><strong><em>oppositis,</em></strong></span> <span class='ocrx_word' id='word_1_48' title='bbox 883 678 1064 742; x_wconf 79' lang='lat' dir='ltr'><strong><em>idololatria,</em></strong></span> <span class='ocrx_word' id='word_1_49' title='bbox 1082 697 1186 752; x_wconf 89' lang='lat' dir='ltr'><strong><em>super·</em></strong></span> 
     </span>
     <span class='ocr_line' id='line_1_8' title="bbox 172 745 1187 821; baseline 0.011 -22"><span class='ocrx_word' id='word_1_50' title='bbox 172 745 300 809; x_wconf 89' lang='lat' dir='ltr'><strong><em>stitione,</em></strong></span> <span class='ocrx_word' id='word_1_51' title='bbox 320 749 509 810; x_wconf 78' lang='lat' dir='ltr'><strong><em>diomatirne,</em></strong></span> <span class='ocrx_word' id='word_1_52' title='bbox 530 762 609 802; x_wconf 83' lang='lat' dir='ltr'><strong><em>usna</em></strong></span> <span class='ocrx_word' id='word_1_53' title='bbox 628 749 827 821; x_wconf 76' lang='lat' dir='ltr'><strong><em>coruscantia,</em></strong></span> <span class='ocrx_word' id='word_1_54' title='bbox 848 750 1003 819; x_wconf 69' lang='lat' dir='ltr'><strong><em>mateficis,</em></strong></span> <span class='ocrx_word' id='word_1_55' title='bbox 1028 755 1187 809; x_wconf 86' lang='lat' dir='ltr'><strong><em>tentatione</em></strong></span> 
     </span>
     <span class='ocr_line' id='line_1_9' title="bbox 174 818 1182 894; baseline 0.008 -23"><span class='ocrx_word' id='word_1_56' title='bbox 174 818 236 882; x_wconf 82' lang='lat' dir='ltr'><strong><em>Dei,</em></strong></span> <span class='ocrx_word' id='word_1_57' title='bbox 251 818 435 889; x_wconf 75' lang='lat' dir='ltr'><strong><em>blasphemia,</em></strong></span> <span class='ocrx_word' id='word_1_58' title='bbox 453 821 619 887; x_wconf 75' lang='lat' dir='ltr'><strong><em>satriieqio,</em></strong></span> <span class='ocrx_word' id='word_1_59' title='bbox 635 821 766 889; x_wconf 65' lang='lat' dir='ltr'><strong><em>emunim</em></strong></span> <span class='ocrx_word' id='word_1_60' title='bbox 781 825 807 876; x_wconf 76' lang='lat'><strong><em>8.</em></strong></span> <span class='ocrx_word' id='word_1_61' title='bbox 823 818 866 875; x_wconf 78' lang='lat' dir='ltr'><strong><em>De&#39;</em></strong></span> <span class='ocrx_word' id='word_1_62' title='bbox 878 824 995 883; x_wconf 72' lang='lat' dir='ltr'><strong><em>onnus.</em></strong></span> <span class='ocrx_word' id='word_1_63' title='bbox 1013 838 1063 879; x_wconf 90' lang='lat' dir='ltr'><strong><em>seu</em></strong></span> <span class='ocrx_word' id='word_1_64' title='bbox 1079 826 1182 894; x_wconf 84' lang='lat' dir='ltr'><strong><em>siquis,</em></strong></span> 
     </span>
     <span class='ocr_line' id='line_1_10' title="bbox 171 891 1182 963; baseline 0.01 -20"><span class='ocrx_word' id='word_1_65' title='bbox 171 891 292 947; x_wconf 81' lang='lat' dir='ltr'><strong><em>manime</em></strong></span> <span class='ocrx_word' id='word_1_66' title='bbox 301 893 450 962; x_wconf 86' lang='lat' dir='ltr'><strong><em>reliqiosis,</em></strong></span> <span class='ocrx_word' id='word_1_67' title='bbox 461 893 670 962; x_wconf 73' lang='lat' dir='ltr'><strong><em>proripuitque</em></strong></span> <span class='ocrx_word' id='word_1_68' title='bbox 681 899 784 947; x_wconf 83' lang='lat' dir='ltr'><strong><em>nostro</em></strong></span> <span class='ocrx_word' id='word_1_69' title='bbox 797 895 947 963; x_wconf 75' lang='lat' dir='ltr'><strong><em>Retiqionis</em></strong></span> <span class='ocrx_word' id='word_1_70' title='bbox 958 897 1182 961; x_wconf 79' lang='lat' dir='ltr'><strong><em>enaracterinus,</em></strong></span> 
     </span>
     <span class='ocr_line' id='line_1_11' title="bbox 172 966 1185 1037; baseline 0.01 -20"><span class='ocrx_word' id='word_1_71' title='bbox 172 978 268 1035; x_wconf 85' lang='lat' dir='ltr'><strong><em>nempe</em></strong></span> <span class='ocrx_word' id='word_1_72' title='bbox 283 967 316 1020; x_wconf 85' lang='lat' dir='ltr'><strong><em>ds</em></strong></span> <span class='ocrx_word' id='word_1_73' title='bbox 332 967 520 1021; x_wconf 84' lang='lat' dir='ltr'><strong><em>sacramentis</em></strong></span> <span class='ocrx_word' id='word_1_74' title='bbox 539 966 571 1021; x_wconf 91' lang='lat' dir='ltr'><strong><em>in</em></strong></span> <span class='ocrx_word' id='word_1_75' title='bbox 588 980 701 1033; x_wconf 85' lang='lat' dir='ltr'><strong><em>qenere,</em></strong></span> <span class='ocrx_word' id='word_1_76' title='bbox 720 972 747 1020; x_wconf 95' lang='lat' dir='ltr'><strong><em>et</em></strong></span> <span class='ocrx_word' id='word_1_77' title='bbox 763 967 796 1019; x_wconf 89' lang='lat' dir='ltr'><strong><em>in</em></strong></span> <span class='ocrx_word' id='word_1_78' title='bbox 813 968 917 1035; x_wconf 84' lang='lat' dir='ltr'><strong><em>specis,</em></strong></span> <span class='ocrx_word' id='word_1_79' title='bbox 937 975 964 1022; x_wconf 95' lang='lat' dir='ltr'><strong><em>et</em></strong></span> <span class='ocrx_word' id='word_1_80' title='bbox 980 971 1136 1037; x_wconf 88' lang='lat' dir='ltr'><strong><em>prasertim</em></strong></span> <span class='ocrx_word' id='word_1_81' title='bbox 1150 973 1185 1028; x_wconf 89' lang='lat' dir='ltr'><strong><em>ds</em></strong></span> 
     </span>
     <span class='ocr_line' id='line_1_12' title="bbox 172 1039 1186 1113; baseline 0.008 -22"><span class='ocrx_word' id='word_1_82' title='bbox 172 1047 353 1109; x_wconf 83' lang='lat' dir='ltr'><strong><em>sacrosancta</em></strong></span> <span class='ocrx_word' id='word_1_83' title='bbox 363 1039 556 1099; x_wconf 71' lang='lat' dir='ltr'><strong><em>suctos-istie.</em></strong></span> <span class='ocrx_word' id='word_1_84' title='bbox 569 1040 602 1092; x_wconf 88' lang='lat' dir='ltr'><strong><em>ds</em></strong></span> <span class='ocrx_word' id='word_1_85' title='bbox 617 1042 799 1093; x_wconf 75' lang='lat' dir='ltr'><strong><em>sacramento</em></strong></span> <span class='ocrx_word' id='word_1_86' title='bbox 818 1041 1005 1108; x_wconf 77' lang='lat' dir='ltr'><strong><em>peonitentia,</em></strong></span> <span class='ocrx_word' id='word_1_87' title='bbox 1025 1042 1059 1096; x_wconf 85' lang='lat' dir='ltr'><strong><em>de</em></strong></span> <span class='ocrx_word' id='word_1_88' title='bbox 1075 1045 1186 1113; x_wconf 70' lang='lat' dir='ltr'><strong><em>Suffra-</em></strong></span> 
     </span>
     <span class='ocr_line' id='line_1_13' title="bbox 172 1110 1184 1183; baseline 0.011 -22"><span class='ocrx_word' id='word_1_89' title='bbox 172 1110 242 1183; x_wconf 83' lang='lat' dir='ltr'><strong><em>piis,</em></strong></span> <span class='ocrx_word' id='word_1_90' title='bbox 258 1111 455 1180; x_wconf 84' lang='lat' dir='ltr'><strong><em>indutqentiis,</em></strong></span> <span class='ocrx_word' id='word_1_91' title='bbox 472 1111 616 1172; x_wconf 80' lang='lat' dir='ltr'><strong><em>tuditan,</em></strong></span> <span class='ocrx_word' id='word_1_92' title='bbox 632 1117 659 1165; x_wconf 94' lang='lat' dir='ltr'><strong><em>et</em></strong></span> <span class='ocrx_word' id='word_1_93' title='bbox 674 1111 760 1164; x_wconf 82' lang='lat' dir='ltr'><strong><em>Buita</em></strong></span> <span class='ocrx_word' id='word_1_94' title='bbox 774 1112 926 1173; x_wconf 76' lang='lat' dir='ltr'><strong><em>cruciata,</em></strong></span> <span class='ocrx_word' id='word_1_95' title='bbox 943 1112 976 1167; x_wconf 86' lang='lat' dir='ltr'><strong><em>de</em></strong></span> <span class='ocrx_word' id='word_1_96' title='bbox 992 1117 1138 1177; x_wconf 84' lang='lat' dir='ltr'><strong><em>censuris,</em></strong></span> <span class='ocrx_word' id='word_1_97' title='bbox 1151 1118 1184 1172; x_wconf 85' lang='lat' dir='ltr'><strong><em>ds</em></strong></span> 
     </span>
     <span class='ocr_line' id='line_1_14' title="bbox 172 1183 1183 1254; baseline 0.007 -18"><span class='ocrx_word' id='word_1_98' title='bbox 172 1187 352 1239; x_wconf 87' lang='lat' dir='ltr'><strong><em>Sacramenta</em></strong></span> <span class='ocrx_word' id='word_1_99' title='bbox 367 1185 492 1245; x_wconf 87' lang='lat' dir='ltr'><strong><em>ordinis,</em></strong></span> <span class='ocrx_word' id='word_1_100' title='bbox 514 1183 746 1251; x_wconf 87' lang='lat' dir='ltr'><strong><em>irrequtoritate,</em></strong></span> <span class='ocrx_word' id='word_1_101' title='bbox 765 1183 953 1252; x_wconf 71' lang='lat' dir='ltr'><strong><em>depositione,</em></strong></span> <span class='ocrx_word' id='word_1_102' title='bbox 971 1185 1183 1254; x_wconf 82' lang='lat' dir='ltr'><strong><em>depradatione,</em></strong></span> 
     </span>
     <span class='ocr_line' id='line_1_15' title="bbox 173 1256 1183 1329; baseline 0.004 -20"><span class='ocrx_word' id='word_1_103' title='bbox 173 1270 207 1309; x_wconf 94' lang='lat' dir='ltr'><strong><em>ac</em></strong></span> <span class='ocrx_word' id='word_1_104' title='bbox 227 1256 335 1311; x_wconf 86' lang='lat' dir='ltr'><strong><em>demum</em></strong></span> <span class='ocrx_word' id='word_1_105' title='bbox 354 1258 387 1310; x_wconf 86' lang='lat' dir='ltr'><strong><em>ds</em></strong></span> <span class='ocrx_word' id='word_1_106' title='bbox 406 1260 592 1315; x_wconf 82' lang='lat' dir='ltr'><strong><em>Sacramenta</em></strong></span> <span class='ocrx_word' id='word_1_107' title='bbox 611 1256 806 1329; x_wconf 77' lang='lat' dir='ltr'><strong><em>Matrimonii,</em></strong></span> <span class='ocrx_word' id='word_1_108' title='bbox 830 1256 942 1325; x_wconf 78' lang='lat' dir='ltr'><strong><em>ejusque</em></strong></span> <span class='ocrx_word' id='word_1_109' title='bbox 963 1257 1183 1325; x_wconf 85' lang='lat' dir='ltr'><strong><em>impedimentis,</em></strong></span> 
     </span>
     <span class='ocr_line' id='line_1_16' title="bbox 172 1326 1188 1396; baseline 0.007 -17"><span class='ocrx_word' id='word_1_110' title='bbox 172 1326 323 1396; x_wconf 76' lang='lat' dir='ltr'><strong><em>tuorumque</em></strong></span> <span class='ocrx_word' id='word_1_111' title='bbox 340 1328 553 1396; x_wconf 70' lang='lat' dir='ltr'><strong><em>dispensatione.</em></strong></span> <span class='ocrx_word' id='word_1_112' title='bbox 574 1331 600 1381; x_wconf 76' lang='lat' dir='ltr'><strong><em>i.</em></strong></span> <span class='ocrx_word' id='word_1_113' title='bbox 622 1332 661 1381; x_wconf 85' lang='lat' dir='ltr'><strong><em>De</em></strong></span> <span class='ocrx_word' id='word_1_114' title='bbox 680 1326 844 1396; x_wconf 84' lang='lat' dir='ltr'><strong><em>prudentia,</em></strong></span> <span class='ocrx_word' id='word_1_115' title='bbox 863 1328 1048 1396; x_wconf 69' lang='lat' dir='ltr'><strong><em>tortitudine,</em></strong></span> <span class='ocrx_word' id='word_1_116' title='bbox 1064 1345 1099 1384; x_wconf 90' lang='lat' dir='ltr'><strong><em>ac</em></strong></span> <span class='ocrx_word' id='word_1_117' title='bbox 1116 1337 1188 1385; x_wconf 86' lang='lat' dir='ltr'><strong><em>tem·</em></strong></span> 
     </span>
     <span class='ocr_line' id='line_1_17' title="bbox 170 1398 1186 1467; baseline 0.008 -17"><span class='ocrx_word' id='word_1_118' title='bbox 170 1400 317 1467; x_wconf 87' lang='lat' dir='ltr'><strong><em>perantia,</em></strong></span> <span class='ocrx_word' id='word_1_119' title='bbox 333 1398 382 1453; x_wconf 82' lang='lat' dir='ltr'><strong><em>udi</em></strong></span> <span class='ocrx_word' id='word_1_120' title='bbox 391 1400 424 1452; x_wconf 87' lang='lat' dir='ltr'><strong><em>de</em></strong></span> <span class='ocrx_word' id='word_1_121' title='bbox 435 1400 608 1455; x_wconf 76' lang='lat' dir='ltr'><strong><em>abstinentia</em></strong></span> <span class='ocrx_word' id='word_1_122' title='bbox 618 1435 626 1461; x_wconf 93' lang='lat'><strong><em>,</em></strong></span> <span class='ocrx_word' id='word_1_123' title='bbox 636 1400 767 1467; x_wconf 77' lang='lat' dir='ltr'><strong><em>jejunio,</em></strong></span> <span class='ocrx_word' id='word_1_124' title='bbox 783 1400 946 1461; x_wconf 73' lang='lat' dir='ltr'><strong><em>sobrietate,</em></strong></span> <span class='ocrx_word' id='word_1_125' title='bbox 964 1401 1111 1463; x_wconf 88' lang='lat' dir='ltr'><strong><em>castitate,</em></strong></span> <span class='ocrx_word' id='word_1_126' title='bbox 1124 1405 1186 1458; x_wconf 86' lang='lat' dir='ltr'><strong><em>oir-</em></strong></span> 
     </span>
     <span class='ocr_line' id='line_1_18' title="bbox 171 1470 1179 1539; baseline 0.008 -17"><span class='ocrx_word' id='word_1_127' title='bbox 171 1470 304 1538; x_wconf 88' lang='lat' dir='ltr'><strong><em>qinitate,</em></strong></span> <span class='ocrx_word' id='word_1_128' title='bbox 331 1470 504 1533; x_wconf 78' lang='lat' dir='ltr'><strong><em>numilitate,</em></strong></span> <span class='ocrx_word' id='word_1_129' title='bbox 534 1470 734 1535; x_wconf 88' lang='lat' dir='ltr'><strong><em>studiositots,</em></strong></span> <span class='ocrx_word' id='word_1_130' title='bbox 756 1473 989 1535; x_wconf 77' lang='lat' dir='ltr'><strong><em>mansuetudine,</em></strong></span> <span class='ocrx_word' id='word_1_131' title='bbox 1013 1473 1179 1539; x_wconf 77' lang='lat' dir='ltr'><strong><em>adementia,</em></strong></span> 
     </span>
     <span class='ocr_line' id='line_1_19' title="bbox 170 1543 1183 1613; baseline 0.005 -17"><span class='ocrx_word' id='word_1_132' title='bbox 170 1544 319 1607; x_wconf 89' lang='lat' dir='ltr'><strong><em>modestia,</em></strong></span> <span class='ocrx_word' id='word_1_133' title='bbox 339 1544 467 1612; x_wconf 80' lang='lat' dir='ltr'><strong><em>vitiisque</em></strong></span> <span class='ocrx_word' id='word_1_134' title='bbox 483 1543 640 1613; x_wconf 87' lang='lat' dir='ltr'><strong><em>oppositis,</em></strong></span> <span class='ocrx_word' id='word_1_135' title='bbox 660 1557 756 1612; x_wconf 88' lang='lat' dir='ltr'><strong><em>nempe</em></strong></span> <span class='ocrx_word' id='word_1_136' title='bbox 775 1543 862 1612; x_wconf 89' lang='lat' dir='ltr'><strong><em>quia,</em></strong></span> <span class='ocrx_word' id='word_1_137' title='bbox 882 1544 1027 1607; x_wconf 79' lang='lat' dir='ltr'><strong><em>ebrietate,</em></strong></span> <span class='ocrx_word' id='word_1_138' title='bbox 1046 1544 1183 1611; x_wconf 73' lang='lat' dir='ltr'><strong><em>iussus,</em></strong></span> 
     </span>
     <span class='ocr_line' id='line_1_20' title="bbox 170 1614 1182 1689; baseline 0.004 -20"><span class='ocrx_word' id='word_1_139' title='bbox 170 1615 317 1685; x_wconf 80' lang='lat' dir='ltr'><strong><em>superbia,</em></strong></span> <span class='ocrx_word' id='word_1_140' title='bbox 335 1617 570 1689; x_wconf 67' lang='lat' dir='ltr'><strong><em>presumptione,</em></strong></span> <span class='ocrx_word' id='word_1_141' title='bbox 590 1629 668 1668; x_wconf 86' lang='lat' dir='ltr'><strong><em>uana</em></strong></span> <span class='ocrx_word' id='word_1_142' title='bbox 684 1614 795 1684; x_wconf 87' lang='lat' dir='ltr'><strong><em>qioria,</em></strong></span> <span class='ocrx_word' id='word_1_143' title='bbox 808 1615 975 1678; x_wconf 74' lang='lat' dir='ltr'><strong><em>ambitione,</em></strong></span> <span class='ocrx_word' id='word_1_144' title='bbox 994 1615 1120 1681; x_wconf 74' lang='lat' dir='ltr'><strong><em>vilitate,</em></strong></span> <span class='ocrx_word' id='word_1_145' title='bbox 1132 1634 1182 1676; x_wconf 87' lang='lat' dir='ltr'><strong><em>sess</em></strong></span> 
     </span>
     <span class='ocr_line' id='line_1_21' title="bbox 171 1688 1186 1758; baseline 0.005 -17"><span class='ocrx_word' id='word_1_146' title='bbox 171 1688 259 1743; x_wconf 88' lang='lat' dir='ltr'><strong><em>nimia</em></strong></span> <span class='ocrx_word' id='word_1_147' title='bbox 275 1689 320 1744; x_wconf 89' lang='lat' dir='ltr'><strong><em>sui</em></strong></span> <span class='ocrx_word' id='word_1_148' title='bbox 339 1688 506 1758; x_wconf 69' lang='lat' dir='ltr'><strong><em>abiectione,</em></strong></span> <span class='ocrx_word' id='word_1_149' title='bbox 530 1688 708 1750; x_wconf 74' lang='lat' dir='ltr'><strong><em>curiositate,</em></strong></span> <span class='ocrx_word' id='word_1_150' title='bbox 729 1689 793 1753; x_wconf 80' lang='lat' dir='ltr'><strong><em>ira,</em></strong></span> <span class='ocrx_word' id='word_1_151' title='bbox 811 1689 991 1750; x_wconf 83' lang='lat' dir='ltr'><strong><em>erudelitate,</em></strong></span> <span class='ocrx_word' id='word_1_152' title='bbox 1008 1689 1186 1749; x_wconf 77' lang='lat' dir='ltr'><strong><em>immodestia</em></strong></span> 
     </span>
     <span class='ocr_line' id='line_1_22' title="bbox 170 1761 1181 1835; baseline 0.005 -21"><span class='ocrx_word' id='word_1_153' title='bbox 170 1761 201 1814; x_wconf 88' lang='lat' dir='ltr'><strong><em>in</em></strong></span> <span class='ocrx_word' id='word_1_154' title='bbox 212 1761 302 1835; x_wconf 84' lang='lat' dir='ltr'><strong><em>cuitu,</em></strong></span> <span class='ocrx_word' id='word_1_155' title='bbox 318 1767 484 1831; x_wconf 82' lang='lat' dir='ltr'><strong><em>ornatuque.</em></strong></span> <span class='ocrx_word' id='word_1_156' title='bbox 501 1761 546 1814; x_wconf 85' lang='lat' dir='ltr'><strong><em>iii.</em></strong></span> <span class='ocrx_word' id='word_1_157' title='bbox 560 1764 601 1815; x_wconf 83' lang='lat' dir='ltr'><strong><em>De</em></strong></span> <span class='ocrx_word' id='word_1_158' title='bbox 610 1761 726 1829; x_wconf 69' lang='lat' dir='ltr'><strong><em>iustitia</em></strong></span> <span class='ocrx_word' id='word_1_159' title='bbox 738 1761 770 1813; x_wconf 90' lang='lat' dir='ltr'><strong><em>in</em></strong></span> <span class='ocrx_word' id='word_1_160' title='bbox 784 1774 896 1828; x_wconf 84' lang='lat' dir='ltr'><strong><em>qenere,</em></strong></span> <span class='ocrx_word' id='word_1_161' title='bbox 909 1762 942 1814; x_wconf 87' lang='lat' dir='ltr'><strong><em>de</em></strong></span> <span class='ocrx_word' id='word_1_162' title='bbox 947 1762 1033 1829; x_wconf 83' lang='lat' dir='ltr'><strong><em>jure,</em></strong></span> <span class='ocrx_word' id='word_1_163' title='bbox 1044 1762 1181 1828; x_wconf 69' lang='lat' dir='ltr'><strong><em>moninio,</em></strong></span> 
     </span>
     <span class='ocr_line' id='line_1_23' title="bbox 169 1833 1180 1904; baseline 0 -14"><span class='ocrx_word' id='word_1_164' title='bbox 169 1838 335 1904; x_wconf 72' lang='lat' dir='ltr'><strong><em>usufructu,</em></strong></span> <span class='ocrx_word' id='word_1_165' title='bbox 358 1851 432 1900; x_wconf 91' lang='lat' dir='ltr'><strong><em>usu,</em></strong></span> <span class='ocrx_word' id='word_1_166' title='bbox 456 1834 648 1895; x_wconf 77' lang='lat' dir='ltr'><strong><em>habitatione,</em></strong></span> <span class='ocrx_word' id='word_1_167' title='bbox 672 1833 882 1903; x_wconf 78' lang='lat' dir='ltr'><strong><em>emphytheusi,</em></strong></span> <span class='ocrx_word' id='word_1_168' title='bbox 901 1834 1005 1902; x_wconf 72' lang='lat' dir='ltr'><strong><em>sendo,</em></strong></span> <span class='ocrx_word' id='word_1_169' title='bbox 1028 1836 1180 1897; x_wconf 75' lang='lat' dir='ltr'><strong><em>emitote,</em></strong></span> 
     </span>
     <span class='ocr_line' id='line_1_24' title="bbox 167 1907 1181 1980; baseline -0.002 -16"><span class='ocrx_word' id='word_1_170' title='bbox 167 1911 349 1980; x_wconf 85' lang='lat' dir='ltr'><strong><em>possessione,</em></strong></span> <span class='ocrx_word' id='word_1_171' title='bbox 360 1908 580 1979; x_wconf 80' lang='lat' dir='ltr'><strong><em>proscriptione.</em></strong></span> <span class='ocrx_word' id='word_1_172' title='bbox 594 1910 635 1961; x_wconf 83' lang='lat' dir='ltr'><strong><em>ii.</em></strong></span> <span class='ocrx_word' id='word_1_173' title='bbox 652 1910 691 1960; x_wconf 80' lang='lat' dir='ltr'><strong><em>De</em></strong></span> <span class='ocrx_word' id='word_1_174' title='bbox 697 1907 812 1976; x_wconf 77' lang='lat' dir='ltr'><strong><em>justitia</em></strong></span> <span class='ocrx_word' id='word_1_175' title='bbox 823 1909 1020 1961; x_wconf 80' lang='lat' dir='ltr'><strong><em>commutatico</em></strong></span> <span class='ocrx_word' id='word_1_176' title='bbox 1030 1908 1062 1961; x_wconf 92' lang='lat' dir='ltr'><strong><em>in</em></strong></span> <span class='ocrx_word' id='word_1_177' title='bbox 1070 1909 1181 1975; x_wconf 86' lang='lat' dir='ltr'><strong><em>poetis,</em></strong></span> 
     </span>
     <span class='ocr_line' id='line_1_25' title="bbox 170 1979 1183 2046; baseline -0.001 -11"><span class='ocrx_word' id='word_1_178' title='bbox 170 1988 196 2035; x_wconf 93' lang='lat' dir='ltr'><strong><em>et</em></strong></span> <span class='ocrx_word' id='word_1_179' title='bbox 215 1982 421 2043; x_wconf 79' lang='lat' dir='ltr'><strong><em>contractibus,</em></strong></span> <span class='ocrx_word' id='word_1_180' title='bbox 439 1981 488 2035; x_wconf 77' lang='lat' dir='ltr'><strong><em>utri</em></strong></span> <span class='ocrx_word' id='word_1_181' title='bbox 506 1981 539 2034; x_wconf 92' lang='lat' dir='ltr'><strong><em>de</em></strong></span> <span class='ocrx_word' id='word_1_182' title='bbox 559 1980 749 2034; x_wconf 72' lang='lat' dir='ltr'><strong><em>contractibus</em></strong></span> <span class='ocrx_word' id='word_1_183' title='bbox 768 1979 800 2032; x_wconf 88' lang='lat' dir='ltr'><strong><em>in</em></strong></span> <span class='ocrx_word' id='word_1_184' title='bbox 822 1992 929 2046; x_wconf 87' lang='lat' dir='ltr'><strong><em>qenere.</em></strong></span> <span class='ocrx_word' id='word_1_185' title='bbox 946 1979 988 2032; x_wconf 71' lang='lat' dir='ltr'><strong><em>ti.</em></strong></span> <span class='ocrx_word' id='word_1_186' title='bbox 1007 1982 1047 2033; x_wconf 81' lang='lat' dir='ltr'><strong><em>Ds</em></strong></span> <span class='ocrx_word' id='word_1_187' title='bbox 1064 1985 1183 2034; x_wconf 78' lang='lat' dir='ltr'><strong><em>contru-</em></strong></span> 
     </span>
     <span class='ocr_line' id='line_1_26' title="bbox 170 2051 1180 2123; baseline -0.002 -15"><span class='ocrx_word' id='word_1_188' title='bbox 170 2055 258 2110; x_wconf 86' lang='lat' dir='ltr'><strong><em>ctitsus</em></strong></span> <span class='ocrx_word' id='word_1_189' title='bbox 287 2057 318 2110; x_wconf 90' lang='lat' dir='ltr'><strong><em>in</em></strong></span> <span class='ocrx_word' id='word_1_190' title='bbox 347 2052 455 2123; x_wconf 86' lang='lat' dir='ltr'><strong><em>specis,</em></strong></span> <span class='ocrx_word' id='word_1_191' title='bbox 484 2053 518 2105; x_wconf 88' lang='lat' dir='ltr'><strong><em>ds</em></strong></span> <span class='ocrx_word' id='word_1_192' title='bbox 542 2052 750 2119; x_wconf 87' lang='lat' dir='ltr'><strong><em>promissione,</em></strong></span> <span class='ocrx_word' id='word_1_193' title='bbox 779 2051 954 2112; x_wconf 84' lang='lat' dir='ltr'><strong><em>donatione,</em></strong></span> <span class='ocrx_word' id='word_1_194' title='bbox 985 2053 1180 2115; x_wconf 83' lang='lat' dir='ltr'><strong><em>commodato,</em></strong></span> 
     </span>
     <span class='ocr_line' id='line_1_27' title="bbox 170 2123 1181 2193; baseline -0.001 -14"><span class='ocrx_word' id='word_1_195' title='bbox 170 2126 310 2193; x_wconf 87' lang='lat' dir='ltr'><strong><em>deposito,</em></strong></span> <span class='ocrx_word' id='word_1_196' title='bbox 332 2132 430 2180; x_wconf 89' lang='lat' dir='ltr'><strong><em>mutuo</em></strong></span> <span class='ocrx_word' id='word_1_197' title='bbox 449 2124 509 2191; x_wconf 80' lang='lat' dir='ltr'><strong><em>(ubi</em></strong></span> <span class='ocrx_word' id='word_1_198' title='bbox 525 2125 560 2177; x_wconf 87' lang='lat' dir='ltr'><strong><em>ds</em></strong></span> <span class='ocrx_word' id='word_1_199' title='bbox 579 2126 680 2191; x_wconf 78' lang='lat' dir='ltr'><strong><em>sunna)</em></strong></span> <span class='ocrx_word' id='word_1_200' title='bbox 703 2124 855 2190; x_wconf 87' lang='lat' dir='ltr'><strong><em>emptione,</em></strong></span> <span class='ocrx_word' id='word_1_201' title='bbox 866 2137 980 2185; x_wconf 36' lang='lat' dir='ltr'><strong><em>neuneu,</em></strong></span> <span class='ocrx_word' id='word_1_202' title='bbox 1000 2123 1107 2178; x_wconf 66' lang='lat' dir='ltr'><strong><em>camma</em></strong></span> <span class='ocrx_word' id='word_1_203' title='bbox 1127 2129 1181 2179; x_wconf 90' lang='lat' dir='ltr'><strong><em>etc.</em></strong></span> 
     </span>
     <span class='ocr_line' id='line_1_28' title="bbox 170 2196 1181 2264; baseline 0 -13"><span class='ocrx_word' id='word_1_204' title='bbox 170 2199 209 2252; x_wconf 84' lang='lat' dir='ltr'><strong><em>Hi</em></strong></span> <span class='ocrx_word' id='word_1_205' title='bbox 226 2205 292 2252; x_wconf 89' lang='lat' dir='ltr'><strong><em>sunt</em></strong></span> <span class='ocrx_word' id='word_1_206' title='bbox 312 2197 463 2264; x_wconf 78' lang='lat' dir='ltr'><strong><em>Theoloqia</em></strong></span> <span class='ocrx_word' id='word_1_207' title='bbox 481 2196 603 2251; x_wconf 76' lang='lat' dir='ltr'><strong><em>Marciis</em></strong></span> <span class='ocrx_word' id='word_1_208' title='bbox 620 2199 787 2259; x_wconf 68' lang='lat' dir='ltr'><strong><em>tractatus,</em></strong></span> <span class='ocrx_word' id='word_1_209' title='bbox 806 2210 876 2264; x_wconf 91' lang='lat' dir='ltr'><strong><em>quos</em></strong></span> <span class='ocrx_word' id='word_1_210' title='bbox 896 2202 928 2249; x_wconf 93' lang='lat' dir='ltr'><strong><em>ut</em></strong></span> <span class='ocrx_word' id='word_1_211' title='bbox 949 2196 1111 2258; x_wconf 81' lang='lat' dir='ltr'><strong><em>universos,</em></strong></span> <span class='ocrx_word' id='word_1_212' title='bbox 1127 2202 1181 2253; x_wconf 87' lang='lat' dir='ltr'><strong><em>aut</em></strong></span> 
     </span>
     <span class='ocr_line' id='line_1_29' title="bbox 166 2267 1094 2338; baseline 0 -16"><span class='ocrx_word' id='word_1_213' title='bbox 166 2269 330 2337; x_wconf 81' lang='lat' dir='ltr'><strong><em>plerosque,</em></strong></span> <span class='ocrx_word' id='word_1_214' title='bbox 342 2274 392 2322; x_wconf 91' lang='lat' dir='ltr'><strong><em>aut</em></strong></span> <span class='ocrx_word' id='word_1_215' title='bbox 404 2267 513 2336; x_wconf 87' lang='lat' dir='ltr'><strong><em>atiquos</em></strong></span> <span class='ocrx_word' id='word_1_216' title='bbox 528 2268 608 2335; x_wconf 90' lang='lat' dir='ltr'><strong><em>apud</em></strong></span> <span class='ocrx_word' id='word_1_217' title='bbox 623 2268 785 2322; x_wconf 90' lang='lat' dir='ltr'><strong><em>innumeros</em></strong></span> <span class='ocrx_word' id='word_1_218' title='bbox 796 2269 952 2338; x_wconf 85' lang='lat' dir='ltr'><strong><em>Scriptores</em></strong></span> <span class='ocrx_word' id='word_1_219' title='bbox 965 2268 1094 2337; x_wconf 85' lang='lat' dir='ltr'><strong><em>reperies.</em></strong></span> 
     </span>
     <span class='ocr_line' id='line_1_30' title="bbox 202 2341 1177 2406; baseline -0.002 -10"><span class='ocrx_word' id='word_1_220' title='bbox 202 2344 244 2396; x_wconf 80' lang='lat' dir='ltr'><strong><em>vt.</em></strong></span> <span class='ocrx_word' id='word_1_221' title='bbox 256 2344 313 2395; x_wconf 81' lang='lat' dir='ltr'><strong><em>Non</em></strong></span> <span class='ocrx_word' id='word_1_222' title='bbox 327 2342 466 2393; x_wconf 77' lang='lat' dir='ltr'><strong><em>admodum</em></strong></span> <span class='ocrx_word' id='word_1_223' title='bbox 478 2343 512 2392; x_wconf 85' lang='lat' dir='ltr'><strong><em>sb</em></strong></span> <span class='ocrx_word' id='word_1_224' title='bbox 525 2342 576 2393; x_wconf 87' lang='lat' dir='ltr'><strong><em>hoa</em></strong></span> <span class='ocrx_word' id='word_1_225' title='bbox 591 2341 684 2393; x_wconf 83' lang='lat' dir='ltr'><strong><em>ordine</em></strong></span> <span class='ocrx_word' id='word_1_226' title='bbox 701 2343 843 2395; x_wconf 78' lang='lat' dir='ltr'><strong><em>abhorrent</em></strong></span> <span class='ocrx_word' id='word_1_227' title='bbox 859 2343 1017 2394; x_wconf 81' lang='lat' dir='ltr'><strong><em>recentiores</em></strong></span> <span class='ocrx_word' id='word_1_228' title='bbox 1032 2342 1177 2406; x_wconf 72' lang='lat' dir='ltr'><strong><em>siqonius,</em></strong></span> 
     </span>
     <span class='ocr_line' id='line_1_31' title="bbox 170 2414 1177 2478; baseline -0.001 -10"><span class='ocrx_word' id='word_1_229' title='bbox 170 2416 220 2468; x_wconf 87' lang='lat' dir='ltr'><strong><em>etsi</em></strong></span> <span class='ocrx_word' id='word_1_230' title='bbox 239 2415 348 2466; x_wconf 84' lang='lat' dir='ltr'><strong><em>muitum</em></strong></span> <span class='ocrx_word' id='word_1_231' title='bbox 363 2421 390 2465; x_wconf 85' lang='lat' dir='ltr'><strong><em>ot</em></strong></span> <span class='ocrx_word' id='word_1_232' title='bbox 407 2414 558 2476; x_wconf 83' lang='lat' dir='ltr'><strong><em>sententiis,</em></strong></span> <span class='ocrx_word' id='word_1_233' title='bbox 582 2422 610 2466; x_wconf 83' lang='lat' dir='ltr'><strong><em>et</em></strong></span> <span class='ocrx_word' id='word_1_234' title='bbox 627 2416 801 2478; x_wconf 69' lang='lat' dir='ltr'><strong><em>questionum</em></strong></span> <span class='ocrx_word' id='word_1_235' title='bbox 817 2416 1010 2467; x_wconf 80' lang='lat' dir='ltr'><strong><em>tractandorum</em></strong></span> <span class='ocrx_word' id='word_1_236' title='bbox 1026 2416 1128 2467; x_wconf 86' lang='lat' dir='ltr'><strong><em>rstlono</em></strong></span> <span class='ocrx_word' id='word_1_237' title='bbox 1142 2417 1177 2467; x_wconf 82' lang='lat' dir='ltr'><strong><em>si)</em></strong></span> 
     </span>
     <span class='ocr_line' id='line_1_32' title="bbox 108 2486 1180 2555; baseline 0 -16"><span class='ocrx_word' id='word_1_238' title='bbox 108 2552 110 2555; x_wconf 22' lang='grc' dir='ltr'>Ι</span> <span class='ocrx_word' id='word_1_239' title='bbox 170 2488 230 2540; x_wconf 85' lang='lat' dir='ltr'><strong><em>istis</em></strong></span> <span class='ocrx_word' id='word_1_240' title='bbox 249 2486 416 2539; x_wconf 82' lang='lat' dir='ltr'><strong><em>dissentiunt.</em></strong></span> <span class='ocrx_word' id='word_1_241' title='bbox 437 2486 540 2537; x_wconf 70' lang='lat' dir='ltr'><strong><em>{iubent</em></strong></span> <span class='ocrx_word' id='word_1_242' title='bbox 558 2487 682 2538; x_wconf 82' lang='lat' dir='ltr'><strong><em>nimirum</em></strong></span> <span class='ocrx_word' id='word_1_243' title='bbox 699 2487 781 2554; x_wconf 86' lang='lat' dir='ltr'><strong><em>(quod</em></strong></span> <span class='ocrx_word' id='word_1_244' title='bbox 799 2489 864 2539; x_wconf 84' lang='lat' dir='ltr'><strong><em>scite</em></strong></span> <span class='ocrx_word' id='word_1_245' title='bbox 883 2489 899 2539; x_wconf 76' lang='lat' dir='ltr'><strong><em>o</em></strong></span> <span class='ocrx_word' id='word_1_246' title='bbox 922 2486 1086 2539; x_wconf 77' lang='lat' dir='ltr'><strong><em>anooiinio</em></strong></span> <span class='ocrx_word' id='word_1_247' title='bbox 1100 2492 1180 2539; x_wconf 74' lang='lat' dir='ltr'><strong><em>uoti-</em></strong></span> 
     </span>
     <span class='ocr_line' id='line_1_33' title="bbox 171 2557 1179 2628; baseline -0.004 -14"><span class='ocrx_word' id='word_1_248' title='bbox 171 2559 274 2614; x_wconf 85' lang='lat' dir='ltr'><strong><em>tumim</em></strong></span> <span class='ocrx_word' id='word_1_249' title='bbox 290 2560 402 2628; x_wconf 77' lang='lat' dir='ltr'><strong><em>prasat.</em></strong></span> <span class='ocrx_word' id='word_1_250' title='bbox 419 2558 458 2612; x_wconf 90' lang='lat' dir='ltr'><strong><em>ad</em></strong></span> <span class='ocrx_word' id='word_1_251' title='bbox 474 2557 572 2613; x_wconf 77' lang='lat' dir='ltr'><strong><em>Cierio.</em></strong></span> <span class='ocrx_word' id='word_1_252' title='bbox 588 2562 706 2617; x_wconf 73' lang='lat' dir='ltr'><strong><em>Roman.</em></strong></span> <span class='ocrx_word' id='word_1_253' title='bbox 724 2563 825 2612; x_wconf 84' lang='lat' dir='ltr'><strong><em>eontra</em></strong></span> <span class='ocrx_word' id='word_1_254' title='bbox 841 2558 959 2612; x_wconf 88' lang='lat' dir='ltr'><strong><em>nimium</em></strong></span> <span class='ocrx_word' id='word_1_255' title='bbox 975 2558 1097 2626; x_wconf 72' lang='lat' dir='ltr'><strong><em>riqorm</em></strong></span> <span class='ocrx_word' id='word_1_256' title='bbox 1113 2570 1179 2611; x_wconf 85' lang='lat' dir='ltr'><strong><em>mu·</em></strong></span> 
     </span>
     <span class='ocr_line' id='line_1_34' title="bbox 169 2626 1174 2702; baseline -0.005 -16"><span class='ocrx_word' id='word_1_257' title='bbox 169 2634 269 2702; x_wconf 85' lang='lat' dir='ltr'><strong><em>nitum)</em></strong></span> <span class='ocrx_word' id='word_1_258' title='bbox 280 2631 447 2686; x_wconf 78' lang='lat' dir='ltr'><strong><em>iansenista</em></strong></span> <span class='ocrx_word' id='word_1_259' title='bbox 457 2630 633 2700; x_wconf 81' lang='lat' dir='ltr'><strong><em>Tiseoioqiam</em></strong></span> <span class='ocrx_word' id='word_1_260' title='bbox 643 2645 725 2686; x_wconf 77' lang='lat' dir='ltr'><strong><em>mam</em></strong></span> <span class='ocrx_word' id='word_1_261' title='bbox 735 2626 954 2699; x_wconf 80' lang='lat' dir='ltr'><strong><em>speculativam,</em></strong></span> <span class='ocrx_word' id='word_1_262' title='bbox 968 2634 994 2685; x_wconf 94' lang='lat' dir='ltr'><strong><em>et</em></strong></span> <span class='ocrx_word' id='word_1_263' title='bbox 1003 2626 1174 2698; x_wconf 73' lang='lat' dir='ltr'><strong><em>practicam,</em></strong></span> 
     </span>
     <span class='ocr_line' id='line_1_35' title="bbox 169 2700 1174 2775; baseline -0.005 -15"><span class='ocrx_word' id='word_1_264' title='bbox 169 2720 217 2762; x_wconf 90' lang='lat' dir='ltr'><strong><em>seu</em></strong></span> <span class='ocrx_word' id='word_1_265' title='bbox 227 2705 370 2761; x_wconf 78' lang='lat' dir='ltr'><strong><em>moralem.</em></strong></span> <span class='ocrx_word' id='word_1_266' title='bbox 379 2705 557 2775; x_wconf 79' lang='lat' dir='ltr'><strong><em>speculativa</em></strong></span> <span class='ocrx_word' id='word_1_267' title='bbox 570 2708 764 2760; x_wconf 82' lang='lat' dir='ltr'><strong><em>tansenisosus</em></strong></span> <span class='ocrx_word' id='word_1_268' title='bbox 776 2711 832 2765; x_wconf 93' lang='lat' dir='ltr'><strong><em>est,·</em></strong></span> <span class='ocrx_word' id='word_1_269' title='bbox 843 2704 985 2773; x_wconf 89' lang='lat' dir='ltr'><strong><em>practica,</em></strong></span> <span class='ocrx_word' id='word_1_270' title='bbox 997 2717 1046 2756; x_wconf 89' lang='lat' dir='ltr'><strong><em>ssu</em></strong></span> <span class='ocrx_word' id='word_1_271' title='bbox 1056 2700 1174 2756; x_wconf 88' lang='lat' dir='ltr'><strong><em>moraiis</em></strong></span> 
     </span>
     <span class='ocr_line' id='line_1_36' title="bbox 168 2774 1177 2849; baseline -0.004 -15"><span class='ocrx_word' id='word_1_272' title='bbox 168 2780 333 2849; x_wconf 82' lang='lat' dir='ltr'><strong><em>riporismus</em></strong></span> <span class='ocrx_word' id='word_1_273' title='bbox 354 2785 403 2833; x_wconf 88' lang='lat' dir='ltr'><strong><em>est.</em></strong></span> <span class='ocrx_word' id='word_1_274' title='bbox 423 2780 515 2849; x_wconf 73' lang='lat' dir='ltr'><strong><em>Huius</em></strong></span> <span class='ocrx_word' id='word_1_275' title='bbox 537 2779 593 2833; x_wconf 88' lang='lat' dir='ltr'><strong><em>tria</em></strong></span> <span class='ocrx_word' id='word_1_276' title='bbox 610 2779 754 2848; x_wconf 87' lang='lat' dir='ltr'><strong><em>principia</em></strong></span> <span class='ocrx_word' id='word_1_277' title='bbox 775 2785 851 2832; x_wconf 92' lang='lat' dir='ltr'><strong><em>sunt.</em></strong></span> <span class='ocrx_word' id='word_1_278' title='bbox 868 2780 968 2831; x_wconf 71' lang='lat' dir='ltr'><strong><em>Patres</em></strong></span> <span class='ocrx_word' id='word_1_279' title='bbox 980 2781 1094 2845; x_wconf 70' lang='lat' dir='ltr'><strong><em>jactare</em></strong></span> <span class='ocrx_word' id='word_1_280' title='bbox 1111 2774 1177 2843; x_wconf 80' lang='lat' dir='ltr'><strong><em>pte·</em></strong></span> 
     </span>
     <span class='ocr_line' id='line_1_37' title="bbox 168 2847 1174 2921; baseline -0.002 -13"><span class='ocrx_word' id='word_1_281' title='bbox 168 2855 288 2918; x_wconf 69' lang='lat' dir='ltr'><strong><em>mosum,</em></strong></span> <span class='ocrx_word' id='word_1_282' title='bbox 299 2853 446 2921; x_wconf 70' lang='lat' dir='ltr'><strong><em>Pontifices</em></strong></span> <span class='ocrx_word' id='word_1_283' title='bbox 464 2852 601 2908; x_wconf 84' lang='lat' dir='ltr'><strong><em>‹estimarc</em></strong></span> <span class='ocrx_word' id='word_1_284' title='bbox 617 2853 717 2920; x_wconf 83' lang='lat' dir='ltr'><strong><em>pacni,</em></strong></span> <span class='ocrx_word' id='word_1_285' title='bbox 734 2851 900 2905; x_wconf 88' lang='lat' dir='ltr'><strong><em>recentiores</em></strong></span> <span class='ocrx_word' id='word_1_286' title='bbox 918 2849 1067 2918; x_wconf 75' lang='lat' dir='ltr'><strong><em>Tiseotoqos</em></strong></span> <span class='ocrx_word' id='word_1_287' title='bbox 1083 2847 1174 2906; x_wconf 80' lang='lat' dir='ltr'><strong><em>omitt.</em></strong></span> 
     </span>
     <span class='ocr_line' id='line_1_38' title="bbox 169 2923 1173 2995; baseline -0.005 -15"><span class='ocrx_word' id='word_1_288' title='bbox 169 2926 319 2990; x_wconf 74' lang='lat' dir='ltr'><strong><em>Patribus,</em></strong></span> <span class='ocrx_word' id='word_1_289' title='bbox 339 2931 373 2981; x_wconf 90' lang='lat' dir='ltr'><strong><em>ut</em></strong></span> <span class='ocrx_word' id='word_1_290' title='bbox 391 2926 428 2980; x_wconf 79' lang='lat' dir='ltr'><strong><em>nd</em></strong></span> <span class='ocrx_word' id='word_1_291' title='bbox 446 2925 516 2995; x_wconf 87' lang='lat' dir='ltr'><strong><em>ipsis</em></strong></span> <span class='ocrx_word' id='word_1_292' title='bbox 535 2929 729 2995; x_wconf 85' lang='lat' dir='ltr'><strong><em>reponuntur,</em></strong></span> <span class='ocrx_word' id='word_1_293' title='bbox 752 2924 858 2991; x_wconf 70' lang='lat' dir='ltr'><strong><em>deterre</em></strong></span> <span class='ocrx_word' id='word_1_294' title='bbox 881 2923 1041 2992; x_wconf 80' lang='lat' dir='ltr'><strong><em>obsequium</em></strong></span> <span class='ocrx_word' id='word_1_295' title='bbox 1060 2935 1173 2983; x_wconf 83' lang='lat' dir='ltr'><strong><em>nerum,</em></strong></span> 
     </span>
     <span class='ocr_line' id='line_1_39' title="bbox 169 2993 1175 3071; baseline -0.002 -19"><span class='ocrx_word' id='word_1_296' title='bbox 169 2997 350 3071; x_wconf 70' lang='lat' dir='ltr'><strong><em>Pontificibus</em></strong></span> <span class='ocrx_word' id='word_1_297' title='bbox 375 2998 555 3058; x_wconf 84' lang='lat' dir='ltr'><strong><em>timuiatum,</em></strong></span> <span class='ocrx_word' id='word_1_298' title='bbox 581 2997 697 3066; x_wconf 75' lang='lat' dir='ltr'><strong><em>reliquis</em></strong></span> <span class='ocrx_word' id='word_1_299' title='bbox 718 2996 883 3051; x_wconf 80' lang='lat' dir='ltr'><strong><em>Doctoriius</em></strong></span> <span class='ocrx_word' id='word_1_300' title='bbox 905 3001 1046 3053; x_wconf 62' lang='lat' dir='ltr'><strong><em>neutum.</em></strong></span> <span class='ocrx_word' id='word_1_301' title='bbox 1065 2997 1089 3048; x_wconf 83' lang='grc' dir='ltr'><strong><em>Δ</em></strong></span> <span class='ocrx_word' id='word_1_302' title='bbox 1111 2993 1175 3050; x_wconf 77' lang='lat' dir='ltr'><strong><em>nico</em></strong></span> 
     </span>
     <span class='ocr_line' id='line_1_40' title="bbox 169 3070 1175 3139; baseline -0.005 -14"><span class='ocrx_word' id='word_1_303' title='bbox 169 3070 324 3139; x_wconf 72' lang='lat' dir='ltr'><strong><em>iuqustino</em></strong></span> <span class='ocrx_word' id='word_1_304' title='bbox 342 3081 426 3132; x_wconf 85' lang='lat' dir='ltr'><strong><em>nero,</em></strong></span> <span class='ocrx_word' id='word_1_305' title='bbox 443 3075 496 3125; x_wconf 87' lang='lat' dir='ltr'><strong><em>aut</em></strong></span> <span class='ocrx_word' id='word_1_306' title='bbox 512 3074 615 3139; x_wconf 90' lang='lat' dir='ltr'><strong><em>putato</em></strong></span> <span class='ocrx_word' id='word_1_307' title='bbox 635 3071 759 3124; x_wconf 88' lang='lat' dir='ltr'><strong><em>recedere</em></strong></span> <span class='ocrx_word' id='word_1_308' title='bbox 778 3082 942 3137; x_wconf 82' lang='lat' dir='ltr'><strong><em>nunqusnr,</em></strong></span> <span class='ocrx_word' id='word_1_309' title='bbox 958 3081 1010 3123; x_wconf 85' lang='lat' dir='ltr'><strong><em>nes</em></strong></span> <span class='ocrx_word' id='word_1_310' title='bbox 1029 3070 1175 3122; x_wconf 66' lang='lat' dir='ltr'><strong><em>nortona</em></strong></span> 
     </span>
     <span class='ocr_line' id='line_1_41' title="bbox 168 3138 1175 3214; baseline -0.004 -17"><span class='ocrx_word' id='word_1_311' title='bbox 168 3156 205 3197; x_wconf 88' lang='lat' dir='ltr'><strong><em>ec</em></strong></span> <span class='ocrx_word' id='word_1_312' title='bbox 225 3142 355 3198; x_wconf 81' lang='lat' dir='ltr'><strong><em>conctiiis</em></strong></span> <span class='ocrx_word' id='word_1_313' title='bbox 376 3144 571 3214; x_wconf 83' lang='lat' dir='ltr'><strong><em>interpretari,</em></strong></span> <span class='ocrx_word' id='word_1_314' title='bbox 593 3143 641 3197; x_wconf 83' lang='lat' dir='ltr'><strong><em>sed</em></strong></span> <span class='ocrx_word' id='word_1_315' title='bbox 660 3154 748 3197; x_wconf 72' lang='lat' dir='ltr'><strong><em>coeo</em></strong></span> <span class='ocrx_word' id='word_1_316' title='bbox 767 3142 895 3197; x_wconf 78' lang='lat' dir='ltr'><strong><em>concitis</em></strong></span> <span class='ocrx_word' id='word_1_317' title='bbox 911 3158 921 3196; x_wconf 93' lang='lat'><strong><em>.·</em></strong></span> <span class='ocrx_word' id='word_1_318' title='bbox 938 3138 1120 3208; x_wconf 71' lang='lat' dir='ltr'><strong><em>restituione</em></strong></span> <span class='ocrx_word' id='word_1_319' title='bbox 1138 3152 1175 3194; x_wconf 78' lang='lat' dir='ltr'><strong><em>eu</em></strong></span> 
     </span>
     <span class='ocr_line' id='line_1_42' title="bbox 170 3212 1175 3285; baseline -0.009 -11"><span class='ocrx_word' id='word_1_320' title='bbox 170 3214 308 3274; x_wconf 72' lang='lat' dir='ltr'><strong><em>cathedra</em></strong></span> <span class='ocrx_word' id='word_1_321' title='bbox 323 3215 485 3272; x_wconf 76' lang='lat' dir='ltr'><strong><em>docentibus</em></strong></span> <span class='ocrx_word' id='word_1_322' title='bbox 499 3215 628 3273; x_wconf 87' lang='lat' dir='ltr'><strong><em>accedere</em></strong></span> <span class='ocrx_word' id='word_1_323' title='bbox 643 3215 816 3285; x_wconf 79' lang='lat' dir='ltr'><strong><em>aliquanda,</em></strong></span> <span class='ocrx_word' id='word_1_324' title='bbox 833 3213 906 3269; x_wconf 82' lang='lat' dir='ltr'><strong><em>etid</em></strong></span> <span class='ocrx_word' id='word_1_325' title='bbox 922 3213 1049 3283; x_wconf 69' lang='lat' dir='ltr'><strong><em>profitsri</em></strong></span> <span class='ocrx_word' id='word_1_326' title='bbox 1061 3212 1087 3280; x_wconf 81' lang='lat' dir='ltr'><strong><em>ri</em></strong></span> <span class='ocrx_word' id='word_1_327' title='bbox 1101 3212 1175 3265; x_wconf 85' lang='lat' dir='ltr'><strong><em>nide-</em></strong></span> 
     </span>
     <span class='ocr_line' id='line_1_43' title="bbox 169 3282 1174 3363; baseline -0.003 -21"><span class='ocrx_word' id='word_1_328' title='bbox 169 3287 231 3363; x_wconf 80' lang='lat' dir='ltr'><strong><em>iiset</em></strong></span> <span class='ocrx_word' id='word_1_329' title='bbox 247 3294 305 3341; x_wconf 86' lang='lat' dir='ltr'><strong><em>nan</em></strong></span> <span class='ocrx_word' id='word_1_330' title='bbox 325 3289 523 3351; x_wconf 68' lang='lat' dir='ltr'><strong><em>adversenturs</em></strong></span> <span class='ocrx_word' id='word_1_331' title='bbox 542 3293 575 3343; x_wconf 89' lang='lat' dir='ltr'><strong><em>nt</em></strong></span> <span class='ocrx_word' id='word_1_332' title='bbox 595 3287 776 3343; x_wconf 69' lang='lat' dir='ltr'><strong><em>umatusttcis</em></strong></span> <span class='ocrx_word' id='word_1_333' title='bbox 794 3300 860 3342; x_wconf 88' lang='lat' dir='ltr'><strong><em>nera</em></strong></span> <span class='ocrx_word' id='word_1_334' title='bbox 879 3284 1035 3355; x_wconf 80' lang='lat' dir='ltr'><strong><em>presertim</em></strong></span> <span class='ocrx_word' id='word_1_335' title='bbox 1054 3282 1174 3352; x_wconf 79' lang='lat' dir='ltr'><strong><em>duplicis</em></strong></span> 
     </span>
     <span class='ocr_line' id='line_1_44' title="bbox 166 3356 1172 3485; baseline 0 -72"><span class='ocrx_word' id='word_1_336' title='bbox 166 3360 302 3485; x_wconf 60' lang='lat' dir='ltr'><strong><em>postremi</em></strong></span> <span class='ocrx_word' id='word_1_337' title='bbox 313 3360 407 3415; x_wconf 82' lang='lat' dir='ltr'><strong><em>saeuit</em></strong></span> <span class='ocrx_word' id='word_1_338' title='bbox 421 3362 453 3416; x_wconf 93' lang='lat' dir='ltr'><strong><em>in</em></strong></span> <span class='ocrx_word' id='word_1_339' title='bbox 470 3361 665 3415; x_wconf 84' lang='lat' dir='ltr'><strong><em>controuersiis</em></strong></span> <span class='ocrx_word' id='word_1_340' title='bbox 683 3372 793 3414; x_wconf 87' lang='lat' dir='ltr'><strong><em>morum</em></strong></span> <span class='ocrx_word' id='word_1_341' title='bbox 803 3394 811 3425; x_wconf 93' lang='lat'><strong><em>,</em></strong></span> <span class='ocrx_word' id='word_1_342' title='bbox 823 3359 867 3415; x_wconf 86' lang='lat' dir='ltr'><strong><em>uei</em></strong></span> <span class='ocrx_word' id='word_1_343' title='bbox 881 3360 914 3413; x_wconf 89' lang='lat' dir='ltr'><strong><em>in</em></strong></span> <span class='ocrx_word' id='word_1_344' title='bbox 930 3374 975 3421; x_wconf 86' lang='lat' dir='ltr'><strong><em>re,</em></strong></span> <span class='ocrx_word' id='word_1_345' title='bbox 987 3356 1032 3412; x_wconf 80' lang='lat' dir='ltr'><strong><em>oei</em></strong></span> <span class='ocrx_word' id='word_1_346' title='bbox 1046 3356 1081 3415; x_wconf 78' lang='lat' dir='ltr'><strong><em>in</em></strong></span> <span class='ocrx_word' id='word_1_347' title='bbox 1092 3356 1172 3413; x_wconf 82' lang='lat' dir='ltr'><strong><em>nouo</em></strong></span> 
     </span>
     <span class='ocr_line' id='line_1_45' title="bbox 180 3427 1173 3502; baseline -0.001 -17"><span class='ocrx_word' id='word_1_348' title='bbox 180 3432 298 3499; x_wconf 87' lang='lat' dir='ltr'><strong><em>oquendi</em></strong></span> <span class='ocrx_word' id='word_1_349' title='bbox 313 3433 436 3487; x_wconf 85' lang='lat' dir='ltr'><strong><em>recedere</em></strong></span> <span class='ocrx_word' id='word_1_350' title='bbox 453 3447 572 3502; x_wconf 81' lang='lat' dir='ltr'><strong><em>semper,</em></strong></span> <span class='ocrx_word' id='word_1_351' title='bbox 592 3433 635 3485; x_wconf 86' lang='lat' dir='ltr'><strong><em>oet</em></strong></span> <span class='ocrx_word' id='word_1_352' title='bbox 652 3446 689 3485; x_wconf 84' lang='lat' dir='ltr'><strong><em>as</em></strong></span> <span class='ocrx_word' id='word_1_353' title='bbox 705 3432 794 3500; x_wconf 80' lang='lat' dir='ltr'><strong><em>ieqere</em></strong></span> <span class='ocrx_word' id='word_1_354' title='bbox 806 3432 916 3500; x_wconf 85' lang='lat' dir='ltr'><strong><em>quidem</em></strong></span> <span class='ocrx_word' id='word_1_355' title='bbox 934 3429 1017 3495; x_wconf 85' lang='lat' dir='ltr'><strong><em>iilos,</em></strong></span> <span class='ocrx_word' id='word_1_356' title='bbox 1036 3434 1065 3485; x_wconf 91' lang='lat' dir='ltr'><strong><em>et</em></strong></span> <span class='ocrx_word' id='word_1_357' title='bbox 1083 3427 1173 3484; x_wconf 80' lang='lat' dir='ltr'><strong><em>muita</em></strong></span> 
     </span>
    </p>
   </div>
   <div class='ocr_carea' id='block_1_3' title="bbox 167 3504 960 3585">
    <p class='ocr_par' dir='ltr' id='par_1_3' title="bbox 167 3504 960 3585">
     <span class='ocr_line' id='line_1_46' title="bbox 167 3504 960 3585; baseline 0.003 -29"><span class='ocrx_word' id='word_1_358' title='bbox 167 3505 258 3585; x_wconf 79' lang='lat' dir='ltr'><strong><em>minus</em></strong></span> <span class='ocrx_word' id='word_1_359' title='bbox 268 3505 300 3558; x_wconf 86' lang='lat' dir='ltr'><strong><em>in</em></strong></span> <span class='ocrx_word' id='word_1_360' title='bbox 310 3505 369 3560; x_wconf 89' lang='lat' dir='ltr'><strong><em>suis</em></strong></span> <span class='ocrx_word' id='word_1_361' title='bbox 379 3505 503 3573; x_wconf 85' lang='lat' dir='ltr'><strong><em>scriptis,</em></strong></span> <span class='ocrx_word' id='word_1_362' title='bbox 516 3505 558 3559; x_wconf 88' lang='lat' dir='ltr'><strong><em>oei</em></strong></span> <span class='ocrx_word' id='word_1_363' title='bbox 571 3504 650 3560; x_wconf 79' lang='lat' dir='ltr'><strong><em>tineis</em></strong></span> <span class='ocrx_word' id='word_1_364' title='bbox 664 3505 817 3575; x_wconf 75' lang='lat' dir='ltr'><strong><em>nouocince</em></strong></span> <span class='ocrx_word' id='word_1_365' title='bbox 829 3504 960 3575; x_wconf 74' lang='lat' dir='ltr'><strong><em>stupore.</em></strong></span> 
     </span>
    </p>
   </div>
   <div class='ocr_carea' id='block_1_4' title="bbox 0 0 1314 4192">
    <p class='ocr_par' dir='ltr' id='par_1_4' title="bbox 0 0 1314 4192">
     <span class='ocr_line' id='line_1_47' title="bbox 0 0 1314 4192; baseline 0 2"><span class='ocrx_word' id='word_1_366' title='bbox 0 0 1314 4192; x_wconf 95' lang='lat' dir='ltr'><strong><em> </em></strong></span> 
     </span>
    </p>
   </div>
  </div>
 </body>
</html>
