2617 4192
235 636 592 769 nourruu
636 539 1021 761 mucronis

411 1006 487 1097 ΑΙ)
531 1004 847 1119 LECTOREM,

138 1388 146 1399 .
165 1341 211 1394 QUI
231 1339 358 1385 nostrati
378 1336 481 1381 LEGEM
506 1333 577 1375 HANG
599 1331 797 1374 circummittit
817 1331 871 1375 PRO
893 1333 1101 1377 cartusiensem

514 1417 615 1462 TOTiUS
636 1416 744 1460 ortum.

129 1683 213 1810 Con
225 1745 406 1825 praecipuum
420 1744 461 1804 sit
471 1742 618 1804 intentam
633 1747 742 1801 nostra
757 1738 888 1802 minimm
901 1740 1138 1822 Conqreaationis

128 1830 180 1891 SS.
201 1826 399 1906 Redemptoris
422 1824 615 1898 Missionibns
635 1843 740 1885 cacare
751 1870 761 1901 ,
788 1823 910 1905 cqune
932 1822 1140 1885 Missionario·

130 1931 200 1971 rnm
226 1909 363 1970 exercitio
386 1909 548 1971 necessarii
574 1928 725 1971 annexum
751 1910 792 1969 sit
816 1927 927 1969 manns
951 1907 1138 1969 conscientias

44 2046 46 2049 .
128 1993 284 2059 dominnm
308 1991 566 2067 instructionibus,
587 2002 615 2054 et
636 1991 866 2072 confessionibus
894 1989 1047 2071 diriqere:
1076 1990 1139 2052 idco
1224 2065 1230 2077 .

126 2075 268 2160 piurimis
285 2076 391 2140 abitinc
404 2076 493 2138 annis
508 2078 670 2159 encoqiteoi
680 2079 836 2138 Iuventati
844 2073 1016 2138 Sodaditatis
1031 2085 1139 2138 nostrae

128 2161 238 2225 librom
257 2161 292 2224 dc
315 2181 346 2223 re
361 2160 471 2224 nioraii
490 2170 664 2223 tractantem
689 2161 819 2237 tradere,
843 2161 899 2243 qni
916 2160 1044 2223 mediam
1061 2164 1139 2224 inter

128 2243 203 2309 alios
223 2255 278 2308 ant
293 2245 385 2308 nimis
404 2244 536 2329 rioilus,
559 2255 615 2307 ont
635 2246 726 2307 nimis
750 2245 888 2327 beniynos
913 2245 995 2306 aiam
1020 2254 1137 2308 teneret.

130 2333 210 2413 Opere
223 2328 353 2408 absolui,
370 2330 422 2392 sed
441 2329 514 2412 qnia
528 2331 619 2407 nimis
634 2329 811 2410 [estinanter
827 2329 889 2412 fnit
907 2327 983 2390 iliad
997 2330 1076 2410 typis
1094 2329 1139 2392 de·

127 2414 320 2488 inaniscens,
339 2423 375 2476 nt
393 2412 463 2477 aliis
475 2414 697 2497 satisfacerem,
713 2415 788 2476 miin'
806 2434 867 2475 non
883 2414 1013 2495 satisfeci
1020 2440 1032 2491 ,-
1047 2412 1139 2496 plara

127 2500 207 2562 enim
221 2501 255 2575 in
268 2519 301 2563 eo
314 2498 360 2561 vel
369 2519 431 2562 non
447 2499 515 2561 bene
527 2519 635 2562 occasa
648 2499 833 2573 ceciderant,
845 2499 1021 2581 velvconsnso
1037 2500 1139 2564 ordine

126 2585 252 2666 sacrant
269 2584 413 2666 exposita.
428 2584 559 2662 Idcirco,
577 2585 643 2645 ciem
661 2603 697 2645 ea
712 2584 894 2666 ditiqentiere
908 2586 1060 2657 examine,
1073 2604 1139 2646 nec·

128 2687 189 2730 non
202 2667 324 2731 ciaricre
341 2667 473 2730 metiendo
492 2667 621 2750 indicere
639 2669 931 2743 animaduertissem,
946 2667 1081 2728 animam
1099 2669 1140 2731 ad

127 2753 284 2816 secandam
301 2753 461 2816 editionem
479 2751 631 2835 applicui,
650 2754 684 2814 in
698 2773 758 2834 qna
777 2753 817 2815 ad
838 2751 986 2816 meliorem
1008 2752 1140 2814 ordinem

128 2837 230 2899 onmia
248 2837 375 2919 'rcdiqere
388 2837 507 2913 curavi,
525 2847 554 2898 ct
570 2836 738 2899 utilissimis
759 2836 899 2899 doctrinis
917 2835 1025 2899 libram
1043 2837 1140 2915 copio-

128 2920 238 2992 aiorem¹
249 2921 376 2985 reddere.
393 2919 564 2985 Nonnndas
584 2924 673 2984 etiam
692 2922 843 3002 opiniones
855 2923 1003 3001 (temporis
1017 2917 1139 2981 decnrsn

129 3004 273 3065 rebusad
288 3004 436 3073 utiliorem
456 3005 602 3067 trutinam
626 3007 795 3084 revocatis),
817 3005 964 3065 hominem
981 3023 1027 3064 me
1048 3023 1140 3085 aqna·

129 3104 232 3161 scens,
245 3087 414 3167 reformavi.
428 3093 530 3171 Neque
552 3090 586 3150 in
602 3089 655 3150 icoc
677 3088 798 3165 erabniss,
821 3089 888 3148 ciem
903 3090 940 3146 D.
958 3089 1139 3167 Augustinus

128 3189 189 3232 nan
206 3170 401 3243 ernbneritin
413 3172 551 3256 pluribus
566 3191 595 3234 se
613 3180 791 3248 retractare,·
804 3169 881 3232 sicat
895 3169 995 3255 ctiam·
1005 3176 1043 3233 D.
1059 3171 1140 3236 Tho·

128 3276 208 3318 mam
224 3255 326 3338 secisse
347 3266 491 3322 testantur
508 3258 680 3337 Criminis,
698 3256 894 3331 eutharicus,
913 3266 942 3319 et
961 3260 1138 3340 Capreolus,

89 3376 93 3381 -
128 3360 163 3402 ac
183 3341 245 3422 ipse
265 3343 375 3406 Ductor
387 3341 542 3427 Anqdicns
563 3343 604 3423 (5.
622 3363 652 3423 p.
674 3352 778 3421 quaesc.
797 3345 826 3402 9.
841 3350 898 3403 uri.
916 3343 960 3423 4.)
978 3344 1020 3406 sic
1039 3342 1139 3425 fassas
1207 3358 1209 3362 ·

128 3432 172 3486 est
187 3447 198 3484 .·
215 3428 349 3503 quamvis
369 3428 440 3489 alibi
456 3430 542 3501 aliter
560 3429 739 3507 scripserim.
759 3429 796 3488 tn
809 3428 888 3489 enim
905 3428 1020 3488 Tullius
1038 3426 1138 3489 dicit.-

129 3509 275 3587 Sapientis
291 3520 336 3572 cst
352 3520 470 3573 mutare
484 3513 652 3573 consilium.
670 3514 698 3572 E
701 3520 712 3572 t
728 3508 801 3574 aiibi
814 3535 824 3573 .·
838 3514 1008 3592 Numquam
1025 3511 1140 3574 laudata

129 3592 187 3728 iuiTt
200 3593 232 3652 in
245 3612 305 3656 uua
321 3596 467 3673 sententia
479 3595 657 3676 permansic.

182 3691 235 3730 om.
254 3683 277 3732 t.
718 3704 721 3707 ·
967 3730 971 3736 .
991 3684 1010 3734 b
