2617 4192
381 247 458 328 Cap.
471 245 501 305 5.
515 244 561 305 uc
577 242 752 305 munientia
760 238 914 324 prolatet.
1118 249 1158 311 n

147 354 181 408 so
198 350 307 419 aaron
319 332 484 417 reboasse
494 345 528 399 rs
538 342 762 412 araneosa-ar

146 431 179 481 tl
196 431 356 492 Quamnam
364 420 523 488 optnunsn
533 418 631 473 &beot
641 418 719 484 osani
729 414 843 485 jullea?

145 502 179 554 ta
196 503 354 564 omnnons
371 491 539 549 ministeria
556 489 974 547 solutionsrosscaentoronr

145 575 180 627 ta
197 570 271 637 Quia
281 567 392 623 siaeltit
412 564 582 620 necessitas?

144 648 179 700 bb
198 650 242 699 An
263 641 345 696 liceat
361 639 406 693 uti
428 638 559 707 opinione
577 633 722 704 probabili
737 633 832 703 ausari
849 634 1068 689 contrabentium
1093 650 1154 691 ma·

209 715 389 775 trinomium,
415 718 440 765 st
459 711 553 780 quoad
564 709 790 777 jurisdictionem
812 708 992 776 consecrarit,
1012 722 1080 763 earu
1098 724 1153 780 auo

204 787 390 858 presumitur
410 783 537 852 suppleri
548 783 583 835 ab
594 781 739 836 Ecclesia?
755 785 791 833 lle
804 785 852 833 boc
871 783 931 834 aida
942 783 1054 836 dicendo
1065 784 1111 836 ltb.
1125 788 1151 838 6.

208 856 854 915 nato.otdioeooauearrorooomosantnarn
1134 892 1138 899 .

144 938 174 991 bl
192 939 235 989 An
246 934 321 1002 quari
330 928 724 987 diciturtlsaaministralione
737 932 977 982 sacramentorum
987 929 1063 983 circu
1071 944 1152 985 umm

210 1007 443 1069 sententiatum,
460 1003 532 1056 idem
552 1000 744 1056 emendumtit
755 1003 786 1055 tls
800 1002 971 1070 susceptione
990 1016 1151 1058 moramen-

143 1154 178 1208 aa
196 1079 323 1218 {brem}
333 1153 448 1205 senator
463 1147 586 1210 dubitat,
614 1161 652 1200 an
670 1145 778 1200 animal
792 1146 946 1214 feriendum
963 1147 1000 1202 sit
1017 1149 1093 1218 sero,
1108 1144 1151 1200 sel

209 1225 312 1279 bomo?

142 1303 176 1354 sa
190 1304 233 1352 An
243 1299 323 1353 liceat
331 1297 375 1351 uti
383 1296 513 1365 opinione
519 1292 662 1364 probabili
667 1292 864 1364 probabilitate
867 1295 963 1363 juris?
974 1299 1013 1351 lle
1021 1297 1149 1368 opinions

207 1375 326 1427 tenuiter
344 1370 494 1438 probabili.

141 1449 174 1499 bl
186 1450 223 1500 lte
234 1446 366 1515 opinione
376 1442 612 1513 probabilissima.

141 1523 174 1573 bb
189 1519 352 1574 Dissertatio
370 1519 402 1573 tls
418 1531 472 1573 usu
493 1517 643 1572 moserata
663 1511 804 1582 opinionis
823 1512 996 1586 probabilis,
1012 1516 1146 1583 usquead

107 1618 110 1621 “
204 1596 328 1646 ιιυιῃ.89.

184 1758 236 1826 lb.
247 1798 285 1809 -
295 1702 504 1830 Consoranni
513 1759 674 1841 probabilis
687 1766 749 1832 est,
763 1758 821 1837 qna
836 1759 902 1839 quis
919 1759 1038 1821 innixus
1049 1759 1147 1839 atqua

142 1850 282 1929 opinione
297 1847 460 1929 probabili,
482 1847 588 1906 iormat
609 1842 666 1905 sibi
684 1845 844 1925 practiaunr
862 1845 1007 1906 dictamen
1024 1846 1147 1906 rationis

139 1953 179 1994 ux
200 1934 285 2013 certis
304 1930 456 2011 principiis
477 1927 611 2001 reflexis,
637 1930 698 1990 sive
722 1928 983 1989 concomitantibus
1007 1928 1044 1989 ad
1068 1927 1148 1990 licite

139 2017 335 2096 operandum.
355 2011 408 2074 llic
421 2023 519 2075 tamen
533 2012 743 2075 advertendum
761 2012 889 2077 diversas
909 2012 973 2073 dari
987 2014 1147 2093 probabili·

140 2111 235 2162 latram
251 2100 380 2180 specics:
401 2100 456 2159 alia
476 2099 556 2159 enirn
571 2107 614 2159 est
627 2099 729 2177 opinio
752 2098 880 2158 tenuiter
899 2098 1057 2178 probabilis
1068 2143 1076 2170 ‚
1089 2099 1145 2159 alia

137 2186 316 2264 probabilis,
327 2185 382 2245 alia
390 2184 570 2263 probabilior
580 2228 588 2254 ‚
600 2182 656 2242 alia
666 2182 914 2260 probabilissima,
926 2184 980 2243 alia
993 2193 1070 2244 sorta
1080 2202 1146 2245 mo·

136 2271 250 2341 realiter,
263 2270 317 2330 alia
325 2278 401 2340 tuta,
409 2270 464 2328 alia
474 2269 578 2328 tutior.
588 2267 696 2345 Opinio
707 2267 834 2325 tenuiter
845 2268 1003 2346 probabilis
1013 2277 1068 2340 est,
1078 2288 1145 2348 quae

133 2354 236 2431 aliquo
252 2354 443 2413 laudamento
462 2352 587 2421 nititur,
601 2349 651 2409 sed
676 2367 736 2409 non
756 2349 826 2423 tali,
846 2360 880 2411 ut
891 2353 984 2412 valeat
996 2368 1144 2414 assensum

134 2439 192 2497 viri
211 2439 363 2517 prudentis
385 2437 423 2495 ad
438 2453 470 2495 sc
487 2433 624 2510 trahere;
638 2432 694 2493 hie
714 2442 812 2494 autem
829 2437 968 2514 opinione
987 2439 1144 2515 nequimus

33 2576 38 2586 .
133 2520 215 2582 licita
230 2524 273 2583 uti
292 2541 328 2583 ex
347 2520 466 2601 propos.
480 2519 510 2577 5.
524 2519 687 2597 proscripta
697 2519 733 2578 ab
746 2520 848 2580 lunae.
859 2521 918 2580 ΧΙ.
929 2539 995 2598 quae
1005 2522 1140 2581 dicebat:

134 2608 305 2669 Generatim
321 2605 394 2666 dam
408 2600 612 2684 probabilitate
632 2603 692 2662 sice
713 2604 872 2663 intrinseca
882 2604 942 2664 siaa
959 2604 1140 2680 eatmnssaa,

133 2690 324 2767 quantamvis
341 2687 422 2748 terrui
429 2730 438 2761 ,
457 2682 542 2747 moda
557 2686 576 2743 ri
583 2684 799 2766 probabilitatis
810 2684 920 2764 linibus
934 2704 994 2748 aaa
1003 2695 1140 2760 coeatur,

134 2773 237 2853 confisi
248 2772 364 2855 aliquid
417 2770 513 2846 imus,
533 2787 645 2851 semper
658 2768 819 2850 prudenter
836 2769 962 2847 aqimus.
982 2771 1143 2832 Probabilis

136 2864 180 2914 ost
192 2899 200 2925 ‚
211 2874 276 2934 quae
289 2857 371 2936 gravi
404 2853 584 2914 undamento
597 2854 721 2926 nititur,
734 2854 782 2913 vel
794 2852 952 2912 intrinseco
963 2853 1084 2913 rationis
1095 2856 1142 2915 vel

137 2939 298 3001 extrinseco
310 2937 507 3009 auctoritatis,
521 2938 602 3016 quod
616 2939 693 2997 valet
702 2937 780 2998 adse
789 2934 904 2997 trahere
914 2953 1061 2996 assensum
1083 2939 1141 3000 viri

137 3022 289 3098 prudentis
302 3065 310 3094 ‚
324 3024 378 3083 etsi
388 3039 455 3082 cum
469 3021 627 3081 formidine
652 3021 790 3102 oppositi.
806 3020 988 3081 Probabilior
999 3028 1057 3092 est,
1074 3040 1141 3098 quae

136 3106 245 3166 nititur
265 3106 454 3169 fundamento
472 3107 616 3184 graviori,
635 3108 688 3174 sad
709 3107 798 3167 etiam
821 3124 889 3166 cum
915 3105 1053 3184 prudenti
1080 3107 1140 3167 for·

134 3189 249 3249 midine
269 3190 412 3267 oppositi,
426 3190 466 3250 ita
486 3198 520 3250 ul
541 3192 686 3250 contraria
707 3192 795 3251 etiam
817 3189 976 3269 probabilis
991 3199 1140 3251 censeatur

133 3273 188 3352 (l).
201 3274 434 3336 Probabilissima
448 3284 513 3348 est,
527 3292 593 3353 qua
612 3275 720 3334 nititur
739 3274 930 3336 fundamento
945 3276 1137 3353 novisima,

159 3383 192 3441 (l)
200 3381 233 3430 llt
245 3382 313 3431 modb
325 3382 386 3431 iniri
395 3398 425 3432 ex
440 3398 464 3432 n.
474 3383 505 3430 55
517 3383 579 3430 elib
590 3387 669 3444 patet,
680 3383 706 3431 S.
716 3382 852 3442 Atpnsoses
861 3383 933 3445 ipsum
942 3382 1074 3445 opinionem
1083 3396 1140 3444 pro·

128 3445 268 3494 lubillartnn
281 3447 308 3495 in
322 3451 405 3510 perium
414 3448 594 3510 probabiliorem
608 3455 634 3494 ot
646 3448 672 3493 iu
683 3448 819 3496 notabiliter
832 3463 873 3495 seu
884 3452 949 3496 oertb
959 3447 1139 3510 probabiliorem

126 3511 221 3559 dividit.
232 3512 345 3559 attendat
353 3513 433 3573 itaque
441 3511 531 3566 testor,
541 3524 571 3557 ne
580 3525 683 3572 umam
693 3511 754 3557 bana
762 3513 846 3558 summi
854 3513 963 3561 momenti
969 3513 1139 3560 &effictam

126 3577 306 3634 praetermittat,
323 3590 367 3622 nec
376 3578 486 3629 miratur,
506 3575 571 3634 qubd
580 3589 604 3622 v.
615 3591 638 3635 g.
651 3583 736 3621 auctor
744 3576 803 3636 quia
817 3577 860 3622 sibi
869 3576 1033 3624 caudinas
1041 3591 1139 3625 censen·

127 3641 174 3684 ‹lus
183 3639 226 3694 ait,
234 3640 260 3685 ia
269 3642 341 3689 lton.
352 3641 399 3699 Ap.
412 3639 581 3700 saepbstrqusm
591 3640 921 3702 opinionem,probabiliorsm
930 3642 1044 3699 nommet,
1053 3656 1104 3703 qua
1114 3642 1138 3690 io

172 3715 256 3773 Tam.
272 3714 301 3772 l.
965 3718 984 3775 5
