2617 4192
475 220 548 273 Pare
565 220 587 271 t.
606 216 757 273 neoterica.
1081 218 1119 273 lix

102 311 120 365 d
134 306 306 380 conjupiluc
323 310 403 372 tuit,
414 312 439 362 et
450 322 508 365 non
519 322 653 376 qeneeaee
661 307 735 378 filiae
747 322 756 359 .·
766 304 929 375 quicumque
937 320 1000 363 acro
1010 307 1117 376 feceret,

102 382 139 437 ab
151 383 262 449 nonore
278 380 426 437 clericatus
437 380 645 437 eatcrminetur.

138 460 213 523 Cap.
232 459 275 509 at.
286 457 342 507 an
361 453 411 521 qui
428 452 447 506 d
465 453 611 521 spiritibus
629 449 779 506 immundia
797 453 955 511 cenentur,
971 451 997 505 ci
1014 451 1046 507 in
1063 452 1118 520 fine

102 528 208 581 macen
222 527 328 595 inerim
339 526 499 586 comtituti,
513 524 655 594 baptizari
664 524 774 592 placete
788 522 1116 593 concentonem,

105 600 233 653 dandam
245 600 283 652 eis
299 614 354 652 esce
366 599 595 663 communionem.
606 596 812 653 proterendum
829 596 929 656 etiam,
944 611 978 649 ne
989 596 1118 652 lucunas

105 670 137 723 ici
156 671 266 739 publice
288 672 460 731 accendam,-
482 671 619 739 sifacem
642 675 743 724 contra
763 667 942 727 interdictum
960 667 1116 729 noluerint,

106 743 268 813 contineant
289 744 308 796 d
329 743 529 796 commuuione.
547 746 576 809 lo
596 744 680 808 prima
698 750 772 807 parte
793 743 901 794 canonis
921 742 1006 805 agitur
1022 743 1055 794 dc
1072 757 1117 795 ca·

106 818 271 867 techumcnis
286 816 487 881 energumenis,
501 828 597 880 eosque
611 816 707 867 debere
723 817 751 865 in
763 823 847 866 morte
858 815 998 878 baptizari,
1013 815 1116 867 dicitur.

109 889 138 938 ln
156 891 268 940 monnio
287 896 361 952 parte
379 889 464 951 agitur
483 887 516 938 dc
537 888 716 951 energumenis
733 888 886 950 baptizatis,
907 900 973 951 quos
990 886 1018 937 in
1034 897 1117 939 morte

108 963 277 1013 Sacramento
296 961 367 1012 retici
387 962 495 1021 dehere,
514 960 661 1012 dionomia
680 960 757 1011 tertia
774 961 859 1023 agilia
877 959 910 1011 de
922 960 1029 1011 clericis
1045 973 1123 1013 enen.

111 1036 231 1093 crumenis
242 1071 250 1095 ,
261 1033 358 1097 quibus
372 1034 422 1084 soh
433 1046 508 1097 poena
519 1033 792 1085 excommunicationis
809 1032 962 1096 prohibetur
977 1032 1117 1087 accendere

110 1105 358 1167 tenrpliluminaria.
565 1106 569 1111 '
689 1109 692 1113 ’

138 1178 212 1244 Cap.
234 1177 276 1228 to.
298 1175 411 1228 Placuit
426 1174 586 1242 prohiberi,
606 1179 639 1228 ut
662 1189 726 1230 cum
741 1175 866 1228 rationes
885 1188 953 1227 suas
974 1173 1117 1242 accipiunt

103 1258 291 1316 possessores,
313 1247 445 1316 quicquid
462 1248 501 1300 ad
521 1246 630 1300 idolum
650 1247 748 1300 datum
767 1246 871 1314 tuerit,
894 1252 1038 1315 acceptum
1057 1261 1116 1302 non

104 1320 252 1388 [mantnt
265 1334 328 1374 uero
338 1324 402 1387 poet
417 1317 597 1372 interdictum
612 1319 746 1385 iecerint,
760 1334 811 1385 per
823 1319 1005 1387 quinquennii
1022 1320 1116 1388 spatio

106 1393 237 1461 temporie
252 1392 271 1445 d
286 1391 479 1446 communione
492 1405 548 1444 eece
563 1391 708 1444 arcendos.
727 1392 851 1455 Sumptus
865 1394 892 1442 in
909 1392 1034 1443 honorem
1049 1393 1120 1445 idoli.

105 1466 240 1519 iactos'ah
259 1465 418 1526 oeconomis,
441 1478 494 1515 uon
515 1478 574 1515 esse
593 1471 713 1529 acceptos
733 1465 855 1515 terendos
877 1466 893 1515 lt
915 1465 1048 1527 dominis,
1065 1467 1114 1518 hoc

106 1539 210 1591 Conone
230 1539 391 1599 decernitur,
411 1550 445 1588 ne
459 1538 574 1602 aliquem
590 1537 716 1589 honorem
734 1537 785 1588 diis
804 1537 877 1589 talsis
897 1538 1021 1591 tribuisse
1040 1539 1112 1592 ride·

103 1619 202 1663 retitur.
257 1614 260 1619 '
1068 1650 1075 1659 ,
1117 1656 1120 1661 .

140 1686 207 1750 Cap.
219 1684 262 1735 ti.
272 1680 422 1736 Admoneri
434 1679 543 1749 placuit
553 1678 664 1748 fideles,
681 1685 713 1733 ut
730 1684 868 1748 quantum
881 1679 1004 1748 possint,
1015 1680 1111 1748 proli·

104 1753 206 1814 deant,
221 1768 256 1807 ne
274 1753 351 1809 idola
369 1754 401 1806 in
423 1753 548 1806 domibus
561 1753 619 1806 tuis
638 1752 759 1805 doleant
770 1769 780 1804 .-
791 1752 817 1803 ei
831 1767 896 1806 uero
914 1752 969 1804 nim
987 1758 1113 1807 metuunt

104 1839 267 1885 semorum,
289 1825 331 1878 ael
355 1826 460 1892 ceipene
480 1839 568 1893 paroc
589 1830 750 1879 conseruent
770 1827 834 1891 (nec
856 1839 887 1876 ea
912 1828 1044 1886 colentes,
1065 1842 1113 1877 noc

105 1912 198 1948 corrtm
217 1898 315 1959 cultum
333 1898 388 1948 ullo
405 1897 480 1961 signo
498 1898 689 1962 approbantes).
708 1897 739 1950 Si
755 1910 814 1950 non
827 1894 960 1964 fecerim,
978 1894 1065 1949 alieni
1076 1896 1112 1950 alt

102 1968 232 2021 Ecclesia
245 1966 409 2020 doleantur.
560 2018 563 2025 Δ
746 2018 749 2021 .

140 2044 209 2106 cap.
227 2042 269 2091 tt.
292 2043 358 2103 Qua
377 2039 463 2105 suerit
481 2037 634 2105 aliquando
656 2039 805 2100 mnctcte,
829 2043 855 2091 et
871 2043 968 2107 postea
985 2037 1123 2093 induerit.

102 2112 255 2173 maritum,
270 2110 296 2164 ei
307 2111 484 2178 postmodam
500 2113 537 2163 act
554 2111 745 2165 credulitatem
757 2112 865 2183 (scilicet
880 2113 914 2165 ad
930 2111 1017 2178 illem)
1033 2126 1112 2167 uene·

101 2185 159 2245 rit,
175 2178 371 2236 incunctanter
380 2181 488 2250 placuit
505 2198 560 2236 ecee
571 2183 767 2251 recipiendam.

118 2262 207 2325 sap.
230 2260 272 2309 45.
303 2254 357 2320 Qui
383 2254 536 2323 aliquando
566 2256 652 2325 suerit
685 2256 896 2310 catechumenus
923 2272 976 2326 per
997 2258 1110 2326 infinita

104 2338 231 2397 tempora
251 2331 353 2396 (nempe
369 2330 453 2379 multo
468 2337 603 2393 tempore,
616 2344 663 2381 scu
684 2331 797 2389 incerto,
818 2340 847 2381 ut
867 2331 948 2394 aliqui
967 2335 1108 2396 exponunt)

101 2409 128 2457 et
149 2416 274 2470 unquam
299 2401 337 2454 ad
355 2399 506 2454 Ecclesiam
525 2400 670 2454 accesserit
693 2402 808 2466 (scilicet
832 2411 921 2466 postea
943 2413 972 2457 ut
992 2407 1111 2469 baptiza·

99 2477 184 2539 retur)
204 2475 229 2527 ci
246 2488 307 2527 eum
326 2474 359 2526 de
379 2473 452 2526 ciero
476 2473 624 2540 qaisquam
642 2475 803 2539 aqnooerit,
820 2474 937 2527 uoluisse
957 2490 1012 2529 ecce
1035 2477 1109 2530 cleri-

100 2548 242 2605 clinnum,
255 2550 305 2598 aat
321 2549 400 2613 testes
412 2545 502 2610 aliqui
513 2544 653 2598 extiterint
669 2545 761 2612 fideles
771 2582 779 2607 ‚
789 2546 898 2614 placuit
910 2547 935 2598 ei
944 2546 1109 2614 baptismum

98 2633 160 2672 non
176 2617 290 2686 neqari,
312 2631 342 2669 eo
361 2616 435 2683 quod
450 2617 482 2668 in
501 2617 586 2669 aeteri
605 2617 714 2671 nominc
732 2617 877 2685 deliquisse
893 2619 1035 2680 videntum·
1047 2623 1108 2684 quia

98 2690 222 2744 uidelicet
242 2698 289 2755 per
309 2691 375 2740 hanc
394 2702 467 2740 suam
487 2691 689 2753 negligentiam,
709 2692 750 2741 uel
773 2692 972 2741 inconstantium
994 2694 1109 2754 peccarit

100 2772 162 2817 ante
183 2765 342 2828 baptismum
359 2776 366 2811 2
386 2769 492 2825 peccata
512 2771 599 2815 autem
618 2772 678 2815 ante
698 2764 855 2827 baptismum
874 2764 1013 2816 commissa
1032 2758 1108 2819 facile

97 2839 307 2890 continebantur.

133 2910 202 2974 Cap.
215 2911 257 2960 m.
273 2905 303 2960 si
318 2905 380 2974 quie
396 2905 484 2972 fidelia
501 2913 647 2977 asportata
661 2923 712 2975 per
729 2908 843 2975 infinita
860 2912 986 2974 tempora
1001 2907 1041 2961 ad
1054 2910 1107 2961 Ec-

98 2979 214 3034 clesiam
227 2992 284 3033 non
299 2979 460 3039 accesserit,
472 2980 499 3033 si
513 2986 606 3033 tamen
625 2980 780 3048 aliquando
796 2981 882 3047 tuerit
900 2992 1039 3040 reversus,
1059 2994 1109 3035 nec

95 3051 186 3120 tuerit
203 3049 357 3105 idololatra
372 3052 462 3118 (idest
476 3055 614 3105 recesserit
632 3055 738 3118 quidem
756 3057 771 3105 a
788 3054 924 3115 Religione
945 3053 1108 3114 olnistiana,

99 3125 151 3178 sed
171 3131 263 3187 postea
284 3126 406 3176 manserit
426 3139 474 3176 acc
494 3128 666 3186 christianos,
692 3140 741 3177 nec
762 3123 911 3188 idololatra)
932 3128 996 3190 poet
1018 3124 1108 3183 decem

64 3232 66 3237 .
99 3209 193 3250 annos
210 3193 320 3262 placuit
337 3210 397 3251 eam
414 3196 634 3250 communionem
649 3196 782 3265 accipere.

132 3272 202 3336 cap.
221 3269 263 3320 tt.
281 3268 312 3320 Si
322 3268 383 3336 quic
400 3268 488 3334 tidelis
509 3267 612 3321 labens
631 3282 763 3329 acorem,
783 3281 841 3320 non
858 3266 956 3328 cernel,
973 3270 1020 3322 ced
1038 3283 1108 3338 cape

97 3340 374 3408 sanctimoniales,
395 3341 425 3392 in
446 3342 501 3408 fine
522 3340 621 3394 mortis
640 3346 689 3393 eet
701 3340 912 3394 conveniendus.
933 3341 1013 3404 Quod
1032 3341 1058 3392 ai
1080 3356 1108 3393 ce

94 3413 256 3480 promiserit
264 3418 452 3474 cessaturum,
463 3414 544 3466 detur
557 3412 581 3465 ei
599 3413 806 3465 communisse*
821 3411 1016 3471 resuscitatus,
1028 3413 1055 3463 id
1068 3423 1108 3465 est

97 3488 190 3539 morbo
202 3487 312 3546 mortali
325 3486 453 3537 liberatos
468 3498 568 3543 curcua
581 3484 667 3551 tuerit
681 3485 848 3543 mactatur,
864 3484 974 3552 placuit
990 3482 1108 3537 ulterius

98 3564 159 3609 eam
169 3570 228 3609 non
241 3556 334 3611 ludere
348 3557 381 3610 dc
393 3556 583 3609 communione
592 3555 687 3623 pacis,
701 3570 747 3607 scu
758 3568 788 3608 ut
799 3560 878 3608 hahet
889 3559 1013 3609 Birrctmr.
1022 3555 1067 3609 tit.
1080 3559 1105 3608 9.
1119 3611 1121 3613 ,

97 3638 158 3697 cap.
171 3630 214 3683 at.
226 3631 295 3683 huuc
305 3640 431 3682 monem
442 3629 552 3683 atterens
562 3666 570 3692 ‚
578 3626 689 3696 placuit
700 3626 817 3683 ulterius
833 3643 890 3681 noce
903 3630 1019 3684 illudere
1034 3630 1106 3681 atius
