2617 4192
325 205 416 286 erp.
432 205 463 265 l.
477 200 739 280 enterocelicus
749 207 778 265 et
789 197 973 282 quotuplex?
1087 203 1127 281 ll¹

121 309 282 377 eonsilium
296 296 447 390 sequendo
462 303 615 383 scrupulos
624 301 724 381 abjicit
734 322 744 379 3
754 302 795 364 sic
805 301 884 362 enini
896 302 936 363 ibi
948 301 1056 367 dieitur
1065 327 1073 365 ε
1083 302 1131 369 Art

119 384 313 476 crepacore
329 387 484 452 concilium
498 387 683 468 (conscientia
700 385 771 448 levis
791 393 820 447 et
830 387 990 449 tencrone
1008 389 1131 454 ermuli-

121 481 194 541 ictis
209 473 340 558 eopiosa)
362 472 439 535 licite
460 480 557 555 potest
574 479 669 553 opere.
689 473 750 532 Nec
762 471 852 532 officit
870 479 966 532 textus
984 473 1021 535 eb
1032 476 1131 555 aliquo

120 566 225 625 allatus
236 562 269 624 in
281 579 346 642 cap.
355 562 415 621 Per
422 567 489 618 tuae
502 556 551 617 35.
566 555 602 618 dc
614 557 733 632 elmon„
747 556 798 615 ubi
810 556 943 616 Pontifex
955 560 1133 640 prescripsit

124 647 240 710 cuidem
263 645 383 727 hpbenti
397 642 602 703 conscientiam
615 640 703 699 nimis
718 640 937 718 scrupulosam,
952 645 1132 707 neeseende·

122 740 169 794 ret
180 732 216 792 od
234 730 352 793 ordines
371 728 557 807 superiores,
572 725 628 785 nisi
647 725 822 785 conscientie
835 724 884 784 ille
894 722 976 804 priris
991 726 1131 807 deposite.

123 819 197 879 Nom
210 815 422 894 respondetur,
436 811 478 872 ibi
492 828 552 871 non
565 810 611 887 egl
621 809 748 868 demero
758 812 896 888 scrupulo
912 809 1033 881 ‚verum
1044 815 1133 878 etiem
1233 833 1242 848 ·

122 894 160 962 (le
177 917 296 971 errore,
319 915 378 977 quo
409 896 563 975 tenebatur
584 892 783 966 ordinandus,
812 901 847 954 ut
871 895 995 973 explicet
1015 898 1130 958 Glossee

126 984 338 1047 Conscientiam
363 980 485 1042 habebat
501 995 664 1040 erroneum.
676 979 712 1038 Et
734 976 777 1039 sie
794 979 883 1039 etiem
903 981 1078 1058 exprimitur
1100 984 1132 1046 in

124 1077 229 1143 textu:
245 1066 315 1126 Nisi
324 1063 449 1146 deponat
458 1081 596 1124 errorem.
1049 1084 1052 1087 “

166 1154 214 1213 tc.
226 1184 266 1196 -
280 1150 354 1209 Hinc
365 1167 418 1227 pro
438 1149 521 1226 praxi
538 1144 771 1206 concludendum
786 1150 976 1226 ‚scrupuloso
990 1169 1051 1230 proe
1064 1170 1133 1214 ocu·

123 1238 161 1299 lis
171 1253 286 1315 semper
295 1232 490 1294 obedientium
500 1229 1133 1309 hebendem'esse‚utscrupulorumsuorum

124 1320 262 1384 timorem
278 1319 394 1379 fortiter
406 1317 525 1397 abigens
538 1359 546 1386 ‚
561 1312 654 1374 libere
666 1323 814 1392 operetur.
831 1317 891 1397 Nec
902 1334 974 1396 opus
985 1327 1047 1392 est,
1061 1322 1134 1384 utin

125 1405 259 1485 quolibet
271 1401 439 1482 particulari
452 1409 520 1460 ectu
531 1398 588 1459 hoc
610 1398 756 1477 judicium
767 1397 920 1473 efformet,
938 1421 1042 1482 nempe
1054 1404 1135 1484 qued

124 1490 276 1568 scrupulos
302 1497 491 1548 contemnere
512 1484 616 1543 debent
633 1501 669 1543 ex
692 1492 836 1563 precepto
859 1487 1049 1567 consessurii3
1066 1492 1134 1552 sotis

125 1574 205 1634 enim
230 1581 297 1644 est,
318 1570 398 1650 qued
421 1589 457 1650 ex
470 1569 582 1647 judicio
599 1566 683 1647 prius
702 1567 827 1627 formato
840 1578 940 1629 contre
963 1568 1134 1652 scrupulum

124 1645 192 1738 eget
206 1678 216 1733 ς
229 1650 433 1754 quie'propter
452 1644 662 1732 experienliein
677 1652 855 1730 praeteritam
867 1653 898 1712 in
911 1653 974 1730 ejus
986 1659 1135 1725 eonscien÷

126 1743 168 1803 tie
180 1739 325 1817 judicium
337 1736 582 1798 illudv'irtuoliter
589 1737 650 1795 sive
663 1734 968 1808 habituatitcr'cxisric
977 1738 1045 1799 lieet
1054 1750 1135 1801 tenc·

126 1818 403 1886 ltris'ohscuretum.
416 1819 508 1882 'lente
527 1822 617 1899 magis
639 1818 735 1899 qued,
757 1817 825 1879 etim
844 1823 1028 1898 scrupulosus
1041 1825 1071 1884 in
1085 1826 1134 1887 ille

128 1910 300 1979 confusione
313 1915 450 1983 operetur
463 1951 472 1977 ‚
484 1925 543 1966 non
557 1904 633 1967 certe
649 1914 788 1984 operetur
804 1924 870 1965 cum
884 1909 1057 1968 conscientia
1076 1911 1135 1971 ior·

127 2002 207 2055 mota
227 2001 256 2052 et
269 1985 446 2064 deliberate,
462 2010 527 2069 quae
544 1990 705 2068 requiritur
715 1991 835 2069 quidem
847 1991 883 2051 ed
901 1994 1135 2059 constituendum

127 2086 299 2158 peccatum,
313 2085 346 2136 ut
359 2074 436 2137 recte
447 2076 547 2138 scribit
556 2074 687 2137 loannes
698 2077 809 2157 Gerson
821 2076 935 2154 (Trcct.
948 2076 982 2139 de
994 2097 1087 2157 conse.
1108 2089 1137 2143 et

123 2159 237 2244 scrop.)
248 2159 294 2221 his
311 2154 609 2223 verbiscconscr‘entio
617 2156 806 2240 scrmcteest,
818 2156 937 2242 quoodo
946 2170 1014 2244 post
1024 2162 1136 2228 diserte

124 2246 236 2307 sionem
249 2252 278 2306 et
288 2242 523 2307 deliberationem
543 2263 579 2306 cc
591 2241 744 2326 delicatior
756 2246 898 2307 sententio
910 2247 1034 2310 rationis
1049 2248 1135 2331 judi-

125 2337 211 2390 cotttr
219 2375 230 2407 ‚
244 2326 360 2411 aliquid
368 2326 557 2409 faciendum,
572 2335 626 2389 oct
635 2326 790 2390 citandum
798 2353 811 2407 ,-
822 2339 850 2390 ct
860 2335 962 2393 conoe
978 2350 1135 2416 comcpcrc

97 2464 104 2473 ,
126 2413 523 2494 εειρεσοαεώη.Τίνηὸνύονὸ
535 2430 587 2473 eeu
599 2409 945 2494 scrupulusrensor'ectioe
956 2416 1136 2497 ecquando

126 2515 208 2560 mens
227 2499 305 2560 inter
319 2495 415 2577 ‘dubio
428 2494 569 2574 comitet,
592 2498 720 2558 nesciens
731 2497 771 2568 cc
782 2498 853 2582 quid
861 2499 961 2583 potitis
979 2492 1135 2578 'tenestem

126 2600 187 2644 coc
208 2590 305 2642 tomen
323 2578 408 2641 uellet
428 2576 557 2641 omittere
581 2579 660 2663 quod
681 2582 768 2643 sciret
787 2598 846 2644 esse
862 2581 1006 2664 placitum
1028 2580 1137 2647 etune

126 2664 274 2728 ectromate
276 2689 289 2742 ‚·
301 2673 329 2726 et
339 2664 442 2726 contra
455 2665 546 2725 istum
558 2665 690 2726 timorem
707 2683 758 2727 reu
780 2663 951 2745 scrupulum
963 2666 1057 2744 serere
1075 2662 1138 2728 croc⁸

126 2750 237 2831 semper
249 2757 469 2831 supersectam,
483 2744 548 2809 licet
555 2745 753 2832 periculosum
764 2747 848 2819 ualde
860 2744 900 2810 stt
917 2749 1058 2829 (intellige
1078 2740 1139 2814 nisl

127 2834 434 2894 timorcontcmnotur
451 2841 486 2894 ut
497 2852 607 2907 venus,
634 2834 761 2913 maxime
782 2836 806 2894 si
825 2833 940 2895 secedet
956 2834 1140 2897 directorum·

129 2917 294 2994 consilium)
305 2939 314 2994 3
327 2918 394 2978 ideo
407 2919 489 2979 addit
514 2920 625 2980 Gcrsort
639 2941 650 2977 .-
663 2926 692 2977 ct
709 2917 853 3000 quantem
868 2919 937 2999 fieri
951 2927 1063 3000 potest,
1085 2919 1136 2981 ab·

121 2997 274 3081 jurentur
298 3007 326 3059 et
357 3000 589 3084 relinquendus:
609 3003 684 3062 llinc
718 3002 797 3063 idem
831 3002 1066 3081 Gereoniumn.
1092 3005 1140 3085 (i.)¹

126 3084 170 3144 sic
192 3082 322 3143 scribit:
348 3084 534 3166 scrupulosis
554 3094 656 3147 contra
678 3083 830 3169 scrupulos
851 3085 996 3169 aperilem
1017 3095 1080 3165 est,
1110 3098 1138 3150 et

124 3168 190 3251 fico
216 3165 312 3248 operis
345 3168 417 3248 pede
435 3168 621 3231 certandum.
648 3168 807 3252 Scrupulos
827 3176 998 3250 conpescere
1032 3169 1137 3233 creticis

126 3255 218 3337 quent
227 3269 284 3334 per
296 3258 490 3334 contemptum
507 3256 686 3336 nequimus,
707 3264 735 3315 et
755 3253 930 3337 repuleriter
951 3272 1012 3316 corr
1031 3254 1137 3337 cisque

125 3334 268 3410 alterius,
281 3343 309 3397 et
316 3339 482 3419 presertim
505 3341 664 3480 repertorio
677 3336 808 3400 consilio.
827 3336 967 3419 Alioquin
984 3339 1070 3399 timor
1080 3340 1137 3400 iin-

123 3418 312 3494 moderatus‚
338 3424 581 3484 antiocensem
598 3422 791 3502 presumptio
814 3424 990 3504 precipitat.
1005 3426 1142 3506 Denique·

146 3524 179 3566 ro
191 3506 369 3585 scrupulosis
380 3503 502 3569 Natalis
514 3502 680 3568 Aleeccdcr
691 3504 733 3567 eit
743 3507 913 3567 servandam
927 3526 989 3568 esse
1006 3502 1138 3587 regulem'

123 3520 206 3653 llum
226 3588 244 3652 i
266 3590 306 3653 B.
319 3585 439 3654 elberto
454 3591 583 3672 Mepne,
598 3599 628 3653 et
639 3588 701 3654 etS-
715 3584 862 3657 scenico
882 3586 1041 3657 tredltemz
1056 3596 1140 3654 Inter
