2617 4192
177 266 228 329 test
485 258 652 313 Dissertatio
663 258 869 329 t'roteqomena.

169 350 417 409 ,recommonens
431 352 541 403 centon
557 354 750 406 eromenes
768 352 1012 417 resurreccione,
1025 356 1052 404 et
1062 344 1187 420 odora-

177 436 333 492 ccnsueque
349 428 454 490 ternpus
468 423 661 490 poenitentiam
678 436 736 474 non
753 428 880 489 eperunt,
895 434 944 476 nec
959 425 1085 476 concerti
1101 433 1184 487 cunt,

176 510 252 551 nunc
268 503 361 550 autem
381 497 457 549 circu
478 499 585 564 ternpus
604 496 709 562 Sqnodi
724 501 934 563 processerunt,
952 503 979 548 et
999 499 1193 553 conversionis

178 571 373 639 cnqitationcm
384 568 650 629 remunerationi
662 574 701 620 ιιι
715 568 753 620 ad
764 582 897 635 mcqnum
905 583 991 636 usque
999 569 1070 622 diem
1083 572 1189 636 (nempe

178 654 294 696 sanctum
316 644 428 707 Pascha)
452 657 498 694 eos
518 641 555 694 od
576 640 749 694 auditionem
770 641 899 702 admitti,
924 647 950 693 et
970 647 1035 709 post
1052 644 1192 711 moqnum'

178 717 249 770 dtetn
263 714 352 768 tribur
369 715 453 768 annis
465 729 520 767 ιιιι
531 713 686 782 supptices,
699 720 726 765 ct
740 713 896 773 substerni,
911 719 938 765 et
954 722 1016 781 post
1033 715 1106 768 otios
1117 717 1188 768 duos

179 802 270 843 annor
285 790 489 842 communicare
506 787 565 840 sine
580 784 733 845 obtectione,
749 791 775 838 et
794 785 833 838 sic
848 785 886 838 net
901 785 932 838 id
947 787 1022 853 quod
1035 789 1190 855 perfectum

180 867 220 914 ιιι
243 863 355 922 uenire,
375 867 408 915 ut
431 867 520 913 totum
539 860 704 920 sexennium
723 858 867 925 impleant.
888 859 920 911 Si
940 860 989 926 qui
1009 867 1103 913 ιιιιιιιι
1123 868 1192 914 ants

180 932 254 987 banc
266 935 407 1020 Spnodum
418 935 455 986 oct
468 931 659 1017 penitentiam
672 931 787 983 admissi
803 935 882 990 sunt,
897 929 933 983 nb
946 930 997 983 itto
1015 938 1136 1000 ternpore
1150 934 1189 986 eis

181 1008 343 1060 sexennium
356 1004 493 1073 reputmi.
514 1004 567 1056 Sed
587 1003 612 1055 si
630 1003 799 1069 periculum,
816 1001 968 1086 mortisque
982 1005 1138 1070 enpeetctio
1154 1019 1189 1058 ecc

181 1078 294 1140 morbo,
318 1078 361 1131 cet
383 1077 481 1144 atiquo
502 1075 562 1128 otia
582 1075 728 1127 occasione
747 1076 932 1137 evenerint,
919 1074 942 1126 ιι·
962 1075 1011 1128 sub
1032 1077 1190 1144 definitione

181 1150 368 1218 recipiuntur,
381 1153 462 1202 idest
478 1152 499 1200 ii
517 1150 691 1212 recipientur,
708 1156 735 1199 ct
747 1150 928 1210 absolventur,
940 1156 1032 1212 utpote
1043 1153 1114 1202 sab
1106 1166 1190 1215 ipsum

182 1225 241 1276 vitu
260 1226 436 1277 definitionem
450 1261 457 1283 ,
470 1238 516 1274 seu
533 1224 611 1273 finem
629 1222 784 1283 constituti,
804 1235 852 1273 seu
865 1222 1042 1287 recipientur,
1057 1235 1085 1276 ce
1103 1224 1190 1277 ebrot-

182 1304 291 1359 ιιιιιιιι,
304 1306 333 1348 ιιι
349 1297 482 1346 definitum
494 1304 544 1346 cst.

214 1374 275 1437 (lap.
285 1374 310 1423 't
323 1370 431 1430 tte-iis,
450 1369 545 1438 quiin
563 1370 632 1437 festo
651 1368 783 1432 Etttnicc,
804 1371 837 1423 in
854 1367 914 1423 ioco
935 1369 1089 1424 Gentilibus
1105 1371 1213 1438 arpen-¹

183 1450 242 1497 tcto
257 1443 397 1497 conuincti
407 1450 491 1505 sunt,
506 1447 531 1494 ιι
541 1443 674 1511 proprios
688 1443 762 1496 cibos
775 1443 948 1503 attuierunt,
964 1448 990 1496 et
1002 1445 1190 1512 comederunt

182 1517 271 1570 rtrum
290 1520 342 1578 ιιι,
364 1530 427 1570 cum
447 1515 557 1569 burnio
575 1513 711 1569 substrati
728 1517 853 1584 fuerint,
875 1531 931 1569 esce
948 1517 1134 1588 recipiendos.
1149 1524 1192 1570 tn

183 1602 403 1667 unumquemque
420 1594 513 1642 nutem
532 1602 595 1641 cum
611 1586 751 1641 obtectione
771 1589 892 1656 recipere
909 1595 1051 1654 oporteat,
1070 1593 1109 1641 est
1126 1578 1192 1657 'Epi-

184 1657 331 1730 scoporum
347 1663 525 1721 examinare,
548 1667 576 1713 ιι
594 1660 684 1713 atium
702 1660 789 1713 ritum
805 1662 837 1713 in
856 1675 1023 1728 unoquoque
1038 1661 1191 1728 inquirere,

185 1750 278 1803 nempe
289 1738 367 1788 ιιιιιιι
385 1738 501 1802 priorem
513 1737 626 1799 delicto,
639 1745 666 1786 et
677 1745 839 1800 presentem

218 1814 280 1878 Cap.
292 1813 317 1864 8.
336 1811 506 1878 Quicumque
519 1815 613 1862 autem
624 1807 677 1869 bis,
696 1809 740 1862 eet
758 1815 799 1863 ter
817 1808 1046 1875 sacrificaverunt
1060 1824 1110 1875 per
1121 1810 1192 1868 uim,

187 1882 307 1938 triennio
319 1883 551 1943 substernuntur,
564 1881 671 1936 duobus
688 1888 780 1935 autem
793 1881 877 1935 cunis
893 1881 952 1933 sine
967 1879 1107 1935 obtectione
1120 1895 1193 1934 coen·

186 1958 342 2020 munirent,
360 1963 386 2011 ιι
397 1957 512 2026 septimo
523 1958 640 2025 perfecte
652 1956 836 2024 recipiuntur.

218 2033 279 2099 cap.
299 2033 325 2082 9.
351 2030 521 2097 Quicumque
542 2035 634 2080 autem
656 2043 713 2080 non
733 2028 823 2081 sotum
843 2025 1031 2087 desciverunt,
1048 2024 1195 2080 sedetiam

185 2101 415 2161 insuereuerunt,
434 2109 459 2153 ιι
475 2103 579 2168 [ratres
600 2115 666 2153 suos
683 2104 848 2166 coeperunt,
866 2103 890 2151 ιι
905 2112 995 2151 causa
1010 2099 1143 2166 suerunt
1163 2107 1195 2151 ut

187 2178 360 2240 caperentur,
380 2172 403 2222 ii
424 2173 508 2223 annis
528 2171 637 2236 quidem
655 2170 744 2224 tribus
756 2169 910 2225 auditionis
923 2170 1014 2223 tocurn
1025 2171 1194 2239 suscipiant,

187 2246 245 2299 otio
255 2248 348 2295 nutem
359 2255 435 2295 anno
447 2243 505 2293 sine
513 2241 653 2295 oblatione
665 2245 881 2303 communicent,
894 2249 926 2295 ut
937 2244 1067 2297 decennio
1077 2243 1195 2311 expleto,

188 2317 262 2397 qus,
281 2313 355 2380 quod
373 2320 413 2364 est
430 2314 597 2398 perfectum,
615 2315 672 2366 sint
693 2317 854 2384 participes.
875 2319 981 2369 tiorum
1002 2323 1095 2370 autem
1115 2317 1146 2369 in
1164 2331 1195 2370 eo

188 2400 294 2459 quoque
313 2391 431 2452 tempore
443 2387 531 2438 citum
546 2388 709 2440 enaminnre
725 2393 844 2456 oportet.

222 2460 308 2515 statu
327 2460 497 2511 distinctione
518 2474 580 2527 cup.
595 2463 635 2512 te
653 2470 745 2513 curent
764 2476 825 2526 cos,
843 2464 889 2528 qai
905 2477 962 2535 eam
982 2463 1137 2527 pecoribus,
1155 2450 1196 2514 ιιι

190 2550 262 2588 marc
283 2535 411 2600 pecudum
433 2548 491 2584 curn
513 2536 661 2600 propinquo
686 2539 812 2603 sanguine
841 2530 917 2588 inieci
937 2545 1006 2590 sunt.
1029 2537 1202 2603 Quicumque

188 2608 353 2676 priusquam
374 2602 474 2673 vipinti
491 2605 600 2673 quietern
624 2621 717 2660 annos
743 2607 807 2660 nati
826 2614 915 2662 essent
933 2614 1103 2675 peccarunt,
1120 2616 1197 2694 post·

189 2695 274 2749 quaen
291 2678 445 2748 quindecim
465 2678 548 2731 cenis
565 2676 714 2741 substrati,
732 2680 869 2747 supptices
885 2681 1008 2748 fuerim,
1029 2683 1199 2733 communio

189 2762 252 2809 nem
264 2753 301 2813 ad
316 2767 409 2838 preces
427 2758 621 2819 assequantur.
636 2753 738 2805 Deinde
751 2758 776 2804 ιι
792 2768 855 2804 cum
871 2753 902 2804 in
914 2752 1104 2804 communione
1116 2756 1201 2821 quiu-

120 2822 128 2838 '
189 2840 241 2895 que
260 2825 344 2878 unceis
363 2823 617 2892 perseuerauerint,
642 2824 811 2876 citationem
835 2825 988 2889 ottinqnnt
1014 2825 1201 2879 decutiuntur

190 2903 284 2953 nutem
300 2902 325 2950 ιι
344 2910 439 2950 conum
454 2896 485 2947 in
500 2895 688 2947 substratione
699 2897 773 2954 vitu,
787 2899 813 2946 et
829 2896 870 2947 itu
886 2893 1087 2946 humanitatem
1105 2908 1201 2951 consc-

190 2976 324 3036 quantur
338 2969 369 3021 Si
380 2968 430 3052 qui
445 2972 538 3021 cutem
554 2966 678 3033 improbe
696 2982 729 3019 ac
747 2966 898 3034 motique
887 2964 1052 3033 inpeccatis
1066 2965 1199 3031 suerunt,

191 3040 272 3108 touqe
294 3039 510 3093 substrationem
531 3038 661 3092 babeant.
686 3041 857 3106 Quicumque
881 3043 974 3091 nutem
997 3038 1069 3090 taric
1091 3045 1200 3093 atatem

191 3112 376 3196 pcnsqeessi,
393 3119 418 3165 ιι
437 3111 569 3166 babentes
588 3127 708 3175 uncres,
731 3114 762 3165 in
783 3113 834 3165 troc
853 3117 998 3180 peccatum
1018 3110 1197 3175 inciderunt,

190 3184 290 3251 utqinti
313 3185 397 3237 annis
418 3185 570 3250 substrati,
594 3186 814 3241 communionem
834 3189 872 3240 ott
888 3201 983 3255 preces
1004 3190 1198 3253 assequantur.
1210 3181 1213 3188 '

190 3257 312 3319 Deinde,
325 3273 389 3312 cum
408 3260 440 3313 in
451 3276 566 3329 precum
584 3264 777 3316 communione
794 3263 914 3332 quinque
926 3277 1016 3315 eeteros
1026 3260 1197 3330 pereqerint,

191 3331 359 3392 cbtntionern
366 3341 569 3418 'assequantur
581 3338 611 3388 Si
630 3336 680 3404 qui
697 3342 808 3398 autem,
825 3343 850 3389 ιι
867 3337 995 3390 erectiores
1010 3335 1152 3421 trabentes,
1174 3337 1198 3384 ιι

189 3406 449 3477 quinquepesimum
466 3421 573 3460 annum
590 3407 777 3477 transpeessi,
790 3414 993 3477 peccaverunt,
1005 3408 1037 3461 in
1049 3408 1111 3460 otte
1122 3405 1199 3460 enitn

190 3481 409 3535 communionem
424 3486 619 3548 assequuntur.

108 3613 111 3616 ,
224 3556 286 3619 cap
300 3555 342 3606 20
361 3553 391 3606 se·
410 3553 622 3622 atrerpesaeor
639 3550 918 3638 adulteratusucrit.
937 3545 1199 3620 vrtquisecrtad-

190 3622 373 3683 utternueeit,
398 3630 506 3692 oportet
528 3640 589 3677 eum
611 3625 642 3677 iu
664 3633 766 3693 septem
788 3628 871 3680 cunis
894 3627 969 3711 quod
989 3626 1140 3703 perfectum
1160 3627 1199 3677 est

192 3696 302 3762 assequi
313 3708 365 3763 per
381 3699 486 3764 produc
499 3698 547 3765 qui
558 3713 588 3753 co
601 3698 750 3752 deterrunt
