2617 4192
1107 207 1155 266 xix

153 354 168 401 η’
191 351 292 405 tencre
305 347 447 421 perpetuo
462 308 607 418 privilegii
623 336 694 415 jure
711 336 869 407 concessit,
885 342 919 395 nt
935 334 1066 414 quisquis
1082 335 1160 395 divi·

153 462 167 490 ll
191 450 263 496 num
287 432 422 512 aliquod,
441 432 501 492 siue
522 426 703 510 protundum
721 440 805 488 nosse
825 422 990 501 desiderat,
1011 426 1049 489 ad
1069 422 1160 505 nujus

153 520 394 606 oproecepiionis
414 522 582 594 oraculum,
600 521 826 598 doctrinamque
841 526 983 580 recurrat
1004 534 1019 572 o

191 632 266 692 ilinc
287 628 368 709 justd
392 626 449 689 boe
472 629 553 705 Opus
573 624 641 687 'ribi
671 625 829 730 dicandum
853 625 1038 702 existimavi,
1065 622 1159 705 ebquc

152 724 267 803 magis,
290 721 370 802 qubd
398 738 457 779 una
483 737 520 779 cx
544 698 699 798 praecipuis
720 708 836 789 causis,
862 735 928 795 quae
954 734 1003 775 me
1024 716 1061 776 ad
1084 715 1159 777 illud

152 817 300 877 edendum
332 814 534 882 induxerunt,
564 811 646 882 tuit,
677 818 712 869 ut
736 808 866 887 cognitas
892 826 994 868 omncs
1016 806 1158 869 habereut

152 904 362 968 saluberrimas
378 904 495 973 Belias,
514 902 712 982 Epistolasque
728 900 893 978 Encyelicas
912 907 996 970 tuas,
1013 912 1080 977 quae
1095 907 1159 958 tan·

153 999 256 1080 topcrb
275 1000 471 1078 protuerunt,
497 1003 526 1056 et
548 996 713 1074 proderunt
734 1011 826 1071 usque
847 992 883 1052 ad
905 992 1070 1051 seculorum
1090 1008 1160 1052 con·

100 1162 106 1174 q
153 1092 401 1163 summationem,
428 1089 585 1150 universali
615 1105 734 1147 morum
761 1084 963 1146 reformationi
985 1092 1158 1145 cunctorum

153 1174 285 1265 fidelium
300 1203 309 1259 ;
326 1180 565 1260 quandoquidem
589 1178 620 1238 in
640 1178 750 1237 eisdem
774 1177 805 1237 S.
819 1178 856 1237 T.
874 1195 987 1235 summa
1004 1175 1159 1255 prudentia

153 1293 249 1353 neque
268 1273 304 1335 ad
322 1274 450 1333 nimium
467 1273 615 1350 rigorem,
634 1268 785 1347 nequead
806 1270 929 1328 nimiam
949 1267 1158 1345 benignitatem

152 1367 317 1439 declinans,
331 1366 382 1424 sed
400 1373 567 1442 temporum
585 1362 709 1422 delectui
726 1360 980 1431 condescendens,
997 1360 1073 1421 miri
1091 1377 1159 1419 sua·

152 1457 241 1518 vitate
256 1456 400 1536 disposuit
420 1455 451 1514 id
471 1454 551 1533 quod
574 1472 642 1514 cum
664 1453 777 1532 ingenti
798 1452 889 1514 animi
910 1453 1083 1514 fortitudine
1101 1451 1158 1512 sibi

150 1558 351 1627 proposuerat.

190 1656 258 1717 Fuit
273 1665 415 1735 praeterea
432 1655 506 1717 mihi
521 1656 677 1717 consilium
694 1655 861 1733 plurimas
852 1673 884 1715 rn
902 1654 1033 1714 medium
1048 1652 1158 1713 doctri·

36 1734 41 1742 ’
152 1766 204 1808 nas
225 1748 377 1825 prolerre,
402 1765 475 1826 quas
495 1765 531 1806 ex
553 1747 649 1806 aureis
673 1746 731 1805 tuis
751 1746 897 1824 Operibus
924 1764 990 1806 sum
1013 1746 1157 1814 edoctus,

153 1838 359 1915 quibusqueS.
366 1841 403 1897 Τ
416 1856 476 1898 non
487 1857 577 1916 pauca
588 1837 750 1898 immortali
761 1838 961 1898 recordatione
971 1837 1058 1915 digna
1070 1845 1158 1913 atque

153 1927 307 1988 ediscenda
322 1928 467 1987 universae
479 1929 663 2007 Reipublicae'
669 1930 829 1989 Litterariae
842 1927 974 1989 tradidit.
990 1929 1057 1986 ilaec
1077 1926 1157 1987 enim

153 2029 204 2079 tua
229 2019 347 2097 grandis
367 2020 508 2079 doctrina
528 2020 688 2080 eminentia
707 2037 768 2081 non
790 2016 908 2092 minuis,
925 2016 1014 2092 quara
1036 2018 1157 2097 reliquae

119 2115 124 2125 '
152 2130 218 2189 quae
236 2110 267 2170 in
283 2113 325 2171 Te
345 2112 461 2171 elucent
479 2113 623 2184 virtutes,
648 2129 756 2190 nempe
778 2129 895 2172 morum
917 2112 1087 2190 integritas,
1106 2110 1158 2169 ad·

150 2203 284 2263 miranda
297 2201 314 2263 l
327 2205 503 2282 propinquis
514 2206 652 2265 alienatio
664 2249 673 2278 ,
687 2204 845 2282 prudentia
862 2204 1036 2284 singularis,
1049 2203 1157 2264 incom-

150 2295 288 2373 parabilis
305 2295 406 2356 solutis
428 2296 596 2359 animarum
615 2297 715 2370 zelus,
736 2305 766 2358 et
780 2315 896 2357 summo
916 2296 1083 2357 sacerdotio
1105 2315 1157 2375 ap-

149 2385 245 2464 prime
274 2387 476 2459 accesserim,
506 2389 550 2448 Te
577 2405 718 2465 supremo
747 2388 921 2450 roatifieuu
952 2387 1156 2468 dignissimum

148 2478 353 2539 reddiderunt.

188 2574 315 2637 Domirm
338 2577 362 2636 si
383 2578 540 2639 Librorum
564 2579 761 2641 dedicationes
778 2581 873 2640 solent
891 2588 978 2640 testes
995 2597 1056 2639 esse
1079 2580 1155 2655 grati

148 2669 260 2741 animi,
275 2687 308 2730 ac
320 2688 380 2730 non
398 2671 581 2751 immemoris
594 2682 781 2751 acceptorum
794 2674 831 2732 ab
843 2673 942 2751 aliquo
954 2690 1059 2750 magno
1076 2672 1156 2732 Prin·

148 2760 214 2838 cipe
232 2759 460 2832 beneficiorum,
473 2760 541 2821 ciam
559 2782 636 2824 unus
656 2765 718 2842 ipse
735 2766 791 2824 sim
806 2783 841 2824 cx
858 2764 1009 2825 Fratribus
1027 2767 1155 2840 Congre-

147 2852 274 2930 gotionis
286 2852 336 2910 SS.
353 2851 580 2932 Redemptoris,
598 2855 646 2914 eui
664 2856 709 2914 'l'u
729 2873 824 2935 nuper
836 2856 1031 2934 Apostolicam
1048 2857 1156 2913 nacta-

148 2945 268 3002 ritatcm
289 2943 498 3022 benignissime
517 2947 763 3021 accommodasti,
779 2945 1010 3026 oportebatjure
1026 2945 1154 3020 merito,

150 3043 186 3094 ut
202 3035 269 3094 Tibi
282 3037 334 3095 uni
347 3036 402 3096 boe
418 3037 499 3115 Opus
516 3040 686 3114 sisteretur,
701 3059 734 3100 ac
748 3049 887 3118 praterea
900 3036 1024 3098 nemini.

189 3145 234 3203 Tu
248 3144 357 3223 igitur,
374 3148 541 3208 Beatissime
558 3150 661 3222 Pater,
681 3148 848 3228 perillam,
868 3164 925 3223 qua
940 3162 1031 3224 genus
1049 3144 1156 3207 huma-

148 3252 224 3296 num
241 3236 460 3315 complecteris,
480 3237 671 3312 charitatem,
690 3255 856 3317 percuram
869 3236 950 3298 illam
964 3257 1052 3316 quam
1070 3238 1156 3310 Chri-

148 3326 251 3387 stianis
264 3327 403 3388 omnibus
420 3328 506 3388 enixe
525 3338 555 3401 ct
570 3330 678 3403 debes,
696 3338 726 3389 et
739 3336 858 3407 praestas
871 3372 879 3401 ‚
893 3329 1044 3409 perillum
1057 3329 1154 3406 ipsum

147 3418 232 3496 eujus
246 3421 278 3481 in
301 3422 388 3482 terris
399 3422 477 3481 vices
492 3420 622 3500 fungeris
635 3424 735 3482 iesum
750 3419 918 3493 Christum,
935 3421 1035 3497 excipe
1048 3420 1156 3498 pietate

147 3531 206 3590 qua
224 3514 300 3574 soles
319 3512 376 3573 boe
394 3515 608 3592 qualecumque
628 3513 855 3585 munusculum,
869 3513 948 3592 quod
968 3512 1035 3571 Tibi
1056 3530 1151 3584 sacro,

147 3615 177 3666 ct
191 3615 356 3685 praesento,
376 3615 411 3667 ut
428 3606 606 3680 modereriS,
624 3607 773 3684 corrigas,
794 3603 889 3665 deleas
905 3604 1049 3683 quidquid
1070 3604 1100 3663 in
1118 3622 1153 3663 eo
