2617 4192
484 222 557 273 Pars
575 222 598 272 ι.
616 218 768 273 Historiae.
1047 224 1128 289 xrrlij

122 320 215 379 sponte
225 319 357 366 certamen
370 310 497 376 ingressi,
512 319 540 361 ct
556 316 647 375 postca
661 311 751 373 lapsi
744 324 770 360 ιιι
784 309 922 361 tormentis
931 300 1127 376 ,prenitcutiam

121 394 243 454 ‹gerant3
257 387 388 448 necuult,
399 397 446 436 eos
464 383 580 434 tidelium
597 383 779 439 communione
791 383 896 446 privari.

155 459 439 512 Cac.12.liocctuon
455 468 513 507 essa
530 455 760 520 reprehendendos
777 455 883 518 eosqui
902 468 931 506 se
950 454 1040 520 ipsos,
1059 457 1128 512 datis

120 533 256 598 pecuniis,
268 538 368 583 tortura
386 530 545 595 liberarant3
560 528 760 599 maluerautque
775 539 828 578 suae
847 529 962 592 pecuniae
979 543 1057 594 quam
1076 545 1130 586 sure

120 605 213 656 animae
228 606 353 669 jacturam
366 603 460 655 iacere.

154 680 222 731 Con.
237 680 276 729 ιδ.
287 679 370 741 Negat
390 676 531 736 similiter,
549 687 612 743 csse
627 674 771 739 culpandos
790 686 855 734 eos,
873 675 936 739 qui,
956 674 1055 727 relictis
1072 678 1128 729 suis

119 751 301 811 facultatibus,
324 755 502 808 recesserant,
526 748 663 805 timentes,
686 760 720 797 nc
738 747 763 796 ιι
788 752 976 798 tormentorum
997 749 1127 813 abnegare

118 825 197 875 sidem
208 829 375 886 cogerentur,
389 821 493 872 etiamsi
506 820 550 870 alii
563 820 661 872 detenti
674 826 763 871 essent
775 826 802 870 ct
821 819 906 882 puniti
923 826 1029 884 propter
1044 821 1125 886 ipsos.

117 891 441 960 subintelligeremus
458 891 611 944 servandis.

155 971 225 1021 con.
239 971 280 1020 tt.
290 969 388 1026 Docet,
405 978 483 1029 posse
502 968 607 1016 monere
630 966 657 1015 iu
678 978 753 1017 sacro
773 964 938 1029 ministerio,
959 973 986 1016 et
1002 966 1126 1018 collocari

118 1045 189 1094 inter
208 1041 378 1092 Goniessores
397 1053 458 1100 eos,
471 1040 516 1103 qui
536 1039 645 1109 profano
668 1039 795 1091 sacrificio
814 1038 925 1102 adesse,
944 1046 1021 1090 ater
1039 1041 1126 1092 idolo-

117 1115 200 1179 thytis
210 1127 303 1165 carnes
316 1102 468 1169 comedere,
481 1118 508 1162 et
521 1111 609 1163 uinum
621 1111 716 1162 bibero
725 1111 809 1162 coacti
820 1075 939 1172 fueraut,
950 1125 996 1163 ore
1005 1113 1127 1167 uidelicet

116 1188 246 1239 uiolenter
248 1193 371 1251 aperto,
387 1186 544 1249 ingessoquc
560 1185 635 1253 cibo,
657 1191 684 1235 ct
701 1192 765 1247 potu
785 1184 929 1248 sacrilego;
946 1196 1006 1235 cum
1024 1186 1144 1259 interca⁴

115 1263 169 1313 sibi
180 1274 273 1313 manus
292 1261 349 1320 uri,
360 1259 472 1322 aliisque
489 1246 579 1309 ιιιοιιιι
593 1258 711 1321 torqueri
724 1270 754 1308 se
771 1256 887 1308 sinerent
897 1293 905 1320 ,
916 1270 965 1311 uec
975 1257 1030 1310 ullo
1046 1260 1125 1313 modo

115 1335 296 1388 ministrorum
311 1332 474 1395 improbitati
487 1343 602 1382 annuere
614 1343 659 1389 se,
678 1330 862 1393 significarent.
1008 1378 1011 1389 ,

151 1406 219 1458 Coa.
236 1408 277 1457 ιδ.
298 1406 331 1456 Et
349 1404 441 1455 ultimo
464 1403 545 1466 dicit,
566 1403 631 1454 citra
653 1415 756 1453 omnem
779 1396 1007 1465 reprehensionem
1026 1405 1123 1456 seruam

116 1482 145 1531 in
160 1493 192 1532 ea
206 1479 323 1532 Ecclesia
341 1477 523 1540 traditionem,
541 1483 568 1530 et
584 1484 743 1542 preceptum
757 1476 851 1541 ieiunii
872 1485 987 1542 quarte,
1003 1486 1031 1531 et
1046 1488 1126 1532 sertae

116 1554 198 1606 ierim.

150 1626 182 1677 lli
193 1626 263 1681 Petri
275 1623 442 1677 Alexandrini
455 1625 573 1677 Caooues
593 1631 672 1683 sunt,
690 1636 738 1675 nec
751 1629 781 1675 ut
796 1623 888 1687 rides,
907 1631 968 1677 suut
984 1626 1125 1679 admodum

117 1698 212 1749 seueri.
231 1697 380 1749 Severiores
398 1697 516 1748 condidit
533 1697 676 1760 Gregorius
694 1696 925 1758 Thaumatnrgns'
918 1712 945 1747 ιιι
967 1700 1123 1762 uindictam,
1147 1711 1151 1717 ⁴

117 1777 146 1820 et
165 1771 326 1824 curationem
347 1781 438 1819 eorum
455 1771 600 1828 scelerum,
619 1781 676 1833 quae
699 1775 729 1820 nt
750 1782 829 1833 supra
849 1770 968 1822 dicebam
986 1774 1125 1824 commissa

119 1842 311 1905 aquibusdam
323 1840 445 1891 fidelibus
463 1855 510 1904 per
528 1855 654 1893 summam
669 1842 830 1904 impietatem
850 1836 970 1905 fucrant,
988 1846 1124 1896 occasione

118 1914 263 1967 barbaricae
277 1913 444 1964 incursionis.

583 2084 607 2150 s.
626 2085 658 2136 tt.

325 2211 464 2295 'Conuncs
482 2235 515 2294 S.
529 2235 662 2312 Gregorii
679 2233 901 2316 Thaumaturgi.
982 2272 987 2279 ·

39 2422 43 2431 “
114 2348 159 2471 P
160 2431 221 2471 ιιιιο
233 2420 346 2471 cunone
365 2418 444 2480 dicit,
461 2431 513 2469 non
532 2431 589 2470 esse
608 2420 780 2474 laborandum
798 2423 1121 2493 deris,quiioototb51a

116 2495 169 2545 sibi
189 2493 274 2544 asnis
291 2491 405 2543 dominis
423 2493 542 2554 apposito
562 2494 742 2555 comedentium
763 2509 820 2546 cum
841 2499 983 2560 presertim
1000 2508 1122 2571 constans

115 2565 479 2625 iamoessct,barbaros1n
498 2578 528 2615 ca
544 2565 693 2618 incursione
713 2568 793 2619 idolis
807 2583 859 2619 nou
878 2572 1055 2633 sacriticasse,
1074 2566 1122 2623 nec

114 2641 236 2698 similiter
247 2637 407 2689 damnandas
422 2651 468 2688 eas
482 2639 597 2704 captivas
612 2641 754 2702 ιιιιιιιειιι,
773 2643 870 2705 quibus
889 2657 936 2705 per
947 2645 998 2693 uim
1014 2646 1121 2696 barbari

114 2720 189 2765 eraut
202 2713 277 2763 abusi
287 2749 294 2772 ,
305 2712 356 2762 nisi
368 2711 423 2774 jam
439 2719 515 2762 antea
531 2718 557 2761 et
575 2712 681 2764 aliunde
692 2728 771 2777 praua
784 2715 876 2765 inisset
893 2715 1008 2779 ipsarum
1025 2718 1085 2767 vita.

149 2788 217 2838 Catu.
229 2786 254 2837 ι.
265 2785 390 2844 Αιιιιιιιι,
404 2784 481 2835 idest
492 2785 563 2846 ejicit
583 2787 616 2837 ab
633 2787 749 2851 Ecclesia
768 2802 831 2849 eos,
850 2790 894 2852 qui
912 2790 992 2852 impia
1009 2792 1120 2854 quadam

113 2860 221 2912 at'uritia
239 2865 378 2922 rapuerant
394 2869 443 2918 ea,
459 2870 516 2920 quae
531 2871 564 2909 ex
583 2860 720 2913 barbarica
739 2860 932 2924 depraedatione
950 2857 1039 2913 'relicta
1060 2865 1119 2914 ine-

113 2939 190 2994 rant,
210 2931 290 2982 ueluti
311 2938 519 2983 consummantes
539 2932 701 2996 impietatem
723 2935 913 2997 barbarorum,
930 2942 1120 3000 putantesque,

112 3019 174 3058 csse
192 3005 243 3054 sibi
257 3005 322 3054 lucri
341 3011 444 3068 tempus
457 3005 527 3068 quod
542 3014 597 3056 orat
613 3008 687 3057 exitii
704 3009 858 3059 communis.

149 3079 219 3130 Can.
231 3077 256 3126 5.
269 3076 340 3126 idem
359 3077 483 3129 delictum
498 3079 531 3128 ab
545 3079 634 3141 impiis
650 3080 691 3130 bis
709 3081 811 3131 iuribus
825 3080 991 3130 commissum
1007 3094 1119 3146 exagge-

111 3159 169 3209 rat,
188 3148 330 3211 docetque,
351 3161 408 3202 asse
427 3149 575 3203 babendum
595 3158 727 3214 tamquam
748 3153 802 3202 lieo
822 3152 970 3202 dedicatum
990 3155 1119 3219 quidquid
1155 3208 1157 3211 ,

111 3221 245 3287 reperitur
258 3223 273 3273 ιι
284 3222 375 3280 nobis,
393 3224 464 3287 quod
482 3232 601 3277 nostrum
614 3232 735 3290 nonest,
754 3227 800 3278 scd
813 3227 936 3279 alienum.

146 3297 216 3348 con.
227 3296 252 3346 ι.
265 3296 352 3358 Pergit
363 3297 509 3360 expendero
521 3300 637 3361 praedicti
649 3299 713 3350 lorti
728 3302 889 3364 gravitatem.

145 3369 215 3428 Con.
231 3369 256 3419 b.
277 3367 387 3423 Damnat
408 3381 471 3431 eos,
493 3369 538 3432 qui
560 3371 660 3434 aliena,
681 3386 738 3435 quae
761 3381 928 3435 repererant,
950 3376 1099 3426 retinebant
1113 3412 1128 3438 ,.

111 3444 171 3493 loco
184 3453 271 3495 rerum
283 3443 465 3503 propriarum,
477 3455 544 3505 quas
561 3443 589 3493 in
608 3457 639 3494 ea
658 3447 805 3499 calamitate
823 3447 972 3499 amiserant.

146 3515 216 3564 Can.
229 3514 255 3568 6.
273 3514 379 3577 ltandat
396 3515 512 3577 inquiri,
533 3529 673 3569 anserum
693 3527 763 3571 esset
783 3519 854 3584 quod
876 3519 1008 3582 audierat,
1026 3533 1119 3586 nempe

110 3586 217 3649 aliquos
233 3586 292 3649 eiua
304 3587 421 3651 regionis
434 3587 594 3641 Christianos
610 3603 689 3642 ausos
703 3592 727 3641 ri
743 3591 861 3643 detinere
879 3593 1013 3655 captivos,
1027 3594 1071 3654 qni
1086 3607 1118 3643 ex

110 3656 235 3712 barbaris
253 3657 407 3725 fugiebant,
424 3659 494 3723 quod
516 3660 581 3713 dicit
592 3674 651 3715 csse
663 3664 758 3717 lactum
770 3665 894 3729 impium,
905 3671 932 3717 et
943 3665 1104 3717 incredibile.
