2617 4192
207 297 248 361 20
446 288 555 353 atat:
571 289 708 350 tancti.
731 287 967 348 Demomentio.

242 397 345 458 tte:—
358 388 508 468 Queritur
519 391 558 449 ll.
571 389 650 463 Quid
661 389 687 449 si
709 397 810 451 murra
822 392 1016 466 possessorem
1039 387 1117 450 adsit
1139 392 1221 454 ratio

206 478 384 563 probabilis,
396 485 426 537 et
436 475 517 535 nullo
529 491 585 551 pro
597 474 683 551 ipso?

243 564 350 628 Priene
362 561 504 623 cromatio
516 567 616 629 tenet,
638 557 718 637 qubd
736 558 761 617 si
774 555 850 617 ratio
866 557 916 617 illa
925 556 1086 636 probabilis
1096 571 1219 640 generat

206 664 354 711 assensum
366 645 549 724 opinativum
560 638 702 714 unicum,
721 640 801 719 qubd
814 641 1039 717 multotiens,
1053 645 1095 705 ita
1103 656 1139 706 ut
1149 665 1220 725 pos·

206 749 299 795 sessor
310 732 425 791 nullum
436 727 541 787 babeat
551 743 701 801 assensum
713 769 722 796 ,
735 723 815 801 qubd
823 743 870 785 res
881 726 920 785 sit
931 744 984 785 sua
996 747 1006 803 3
1016 735 1088 790 tunc
1097 737 1219 791 tenetur

205 817 370 879 restituere.
382 811 469 873 Sectis
479 812 503 871 si
515 809 610 870 adhuc
623 810 814 889 probabiliter
824 816 941 886 putaret
950 828 1014 871 rem
1036 830 1098 874 esse
1119 831 1215 874 suam.

207 907 250 965 lta
261 898 369 961 samu
393 896 453 958 dee.
468 893 489 955 t.
500 898 530 956 l.
545 913 571 955 e.
583 897 631 955 m.
645 913 677 954 n.
692 896 723 954 9.
736 895 827 953 citans
846 895 979 976 Vosque
988 940 998 973 ‚
1012 896 1128 960 Palam
1146 907 1215 960 tom.

208 991 285 1051 l.tr.
306 987 336 1044 l.
349 981 425 1062 disp.
439 982 470 1042 ὅ.
487 999 521 1060 p.
534 982 564 1041 2.
576 978 670 1041 Reuzi
684 977 719 1040 de
745 977 776 1037 7.
791 996 880 1058 prmo.
901 997 927 1039 e.
949 981 979 1040 5.
991 989 1058 1042 rect.
1077 984 1109 1045 2.
1124 987 1214 1066 q.lb.

208 1164 220 1187 s
236 1144 321 1193 docent
335 1143 383 1191 ub.
401 1141 465 1203 qood
473 1141 498 1187 in
510 1138 627 1199 aliquibus
636 1138 729 1184 casibus
738 1143 815 1196 potest
827 1136 879 1184 fieri
892 1140 1043 1188 tantbmcum
1053 1141 1216 1201 prombilitata

207 1227 219 1249 s
235 1207 332 1263 crediti,
349 1207 369 1252 ai
388 1206 449 1251 adsit
465 1202 700 1265 probabilitasjuris‚
717 1210 745 1246 ut
760 1209 841 1247 tenent
856 1204 1216 1265 Solm.dereat.e.1.sa.51921

208 1291 220 1315 s
235 1274 278 1320 aad
287 1274 327 1319 ubi
337 1277 420 1319 vocant
435 1271 496 1317 banc
506 1268 690 1328 probabilitatem
699 1266 760 1325 juris
770 1267 954 1326 probabilitatem
965 1269 1100 1330 proximam,

235 1336 318 1383 sllino
327 1339 350 1383 t.
363 1335 483 1395 probabile
499 1332 582 1377 dieunt
605 1346 673 1392 possa
686 1331 830 1377 diffamatum
845 1333 945 1391 pecunia
959 1335 1002 1380 sibi
1018 1350 1167 1395 compensare
1180 1340 1216 1386 fa-

207 1424 219 1446 s
235 1418 294 1451 mam
310 1403 410 1449 ablatam
428 1403 444 1447 a
461 1399 610 1451 diffamante,
629 1401 683 1444 calm
699 1397 821 1458 probabile
837 1398 881 1451 sit,
897 1398 1053 1447 diffamantes:
1068 1403 1144 1449 teucri
1159 1416 1216 1453 aun

207 1486 219 1508 s
233 1467 334 1577 pepppnia
344 1462 713 1575 epappensartptlpmamdablat‘anp,
723 1463 753 1571 1σέ
761 1462 958 1575 υοίἰὲἕεΙιηξὲυἱι
977 1465 1061 1575 lappam
1081 1467 1214 1578 resipituere.

235 1550 247 1573 s
323 1546 348 1576 ro
396 1545 425 1574 se
452 1544 467 1573 u
534 1541 578 1585 apo
603 1540 712 1585 ejus..
756 1540 796 1572 ,su
839 1541 867 1572 .e
919 1542 989 1576 mum
1017 1543 1096 1577 anaor.
1132 1535 1216 1582 tsss.at

210 1614 222 1637 s
240 1546 347 1641 sends.
357 1595 411 1641 oti.
421 1544 476 1639 adsta
487 1593 565 1638 ramo.
575 1592 637 1638 beas.
652 1593 710 1637 Mol.
724 1594 797 1648 Arop.
808 1592 861 1637 Led.
872 1597 914 1638 sta.

215 1678 247 1703 ,ι
262 1661 288 1707 2-
305 1658 427 1707 rutubus
445 1671 495 1705 csse
509 1656 593 1705 dicuat
608 1656 683 1702 Scina.
700 1656 749 1702 sod.
767 1669 793 1700 sa.
809 1656 862 1701 tat.
878 1668 932 1702 cass
945 1657 1005 1703 Bosa.
1022 1658 1105 1704 astet
1120 1660 1215 1719 Splrs'o,

208 1745 219 1767 s
236 1727 324 1771 Discat.
340 1724 402 1770 Vsu.
420 1724 474 1769 ium
485 1724 549 1780 Lupo
566 1736 592 1768 sa.
608 1720 645 1767 95.
658 1719 802 1767 diffamatum
815 1720 844 1765 ab
853 1719 914 1775 alio,
931 1736 1000 1780 quens
1014 1722 1063 1781 ipse
1079 1723 1216 1785 infamavit,

208 1807 220 1831 s
237 1787 355 1849 possenti
377 1786 577 1847 compensatione,
593 1784 711 1846 sequendo
727 1785 858 1844 opinionem
875 1785 1016 1846 probabilem
1033 1786 1057 1830 sd
1074 1799 1218 1841 asserentem

207 1870 222 1897 s
235 1854 313 1915 quoad
324 1854 509 1906 restitutionem
527 1852 608 1898 saltem
625 1858 653 1896 ut
668 1852 700 1897 ait
718 1854 806 1897 Dieaat.
820 1854 883 1909 apso
902 1855 974 1899 Cros'a
984 1855 1000 1898 l.
1012 1853 1035 1897 d.
1045 1867 1070 1910 p.
1085 1853 1110 1900 Ξ.
1125 1870 1151 1903 a.
1163 1859 1212 1905 455,

208 1939 222 1962 s
235 1927 360 1967 excusatur
369 1919 412 1965 isa
428 1919 489 1965 fam
498 1917 656 1970 restituenda,
668 1916 742 1964 donae
751 1917 812 1962 tama
819 1917 844 1963 'ei
857 1917 934 1963 ablata
942 1918 972 1963 ab
985 1917 1061 1965 altero
1071 1920 1215 1972 restituatur.

237 2003 247 2029 s
264 1986 288 2033 3.
302 1984 424 2033 Probabile
435 1983 504 2033 etiam
517 1995 567 2029 essa
578 1981 660 2027 dicunt
669 1982 744 2026 Salsa.
755 1983 773 2027 l.
783 1995 804 2029 a.
814 1994 875 2027 cum.
885 1983 935 2028 les.
947 1984 1003 2029 Mol.
1019 1984 1095 2033 Grata.
1109 1990 1150 2032 ste.
1160 2000 1219 2034 cassa

208 2067 219 2089 s
239 2049 299 2105 Lupo
310 2051 325 2094 l.
337 2063 356 2095 s.
368 2047 504 2107 legatarium
515 2062 543 2094 ea
553 2052 690 2093 testamento
700 2059 745 2092 non
761 2045 857 2093 solemni
871 2059 938 2107 posse
954 2059 1103 2105 compensare
1113 2049 1215 2113 legatum

210 2130 221 2152 s
238 2112 280 2155 sibl
291 2112 408 2157 relictum.

219 2212 223 2219 .
236 2194 247 2217 s
259 2174 287 2220 Et
296 2189 368 2234 quara
378 2176 401 2221 in
417 2175 454 2221 bia
464 2175 556 2221 casibus
573 2180 598 2222 ot
608 2188 654 2221 non
669 2174 693 2219 in
708 2173 758 2220 aliis
775 2173 847 2234 possit
861 2172 912 2219 deri
921 2174 1077 2231 compensatio
1091 2188 1147 2223 cnm
1157 2192 1216 2238 pro-

208 2256 220 2278 u
237 2237 325 2284 babili?
339 2239 485 2299 Respondent
501 2241 574 2286 Solus.
591 2241 627 2286 blo
642 2254 669 2285 sa.
678 2241 730 2285 523.
741 2238 796 2299 quis
813 2239 837 2284 la
852 2237 988 2283 biscasibus
998 2237 1055 2282 dieti
1068 2239 1116 2285 DI).
1128 2250 1220 2301 pome-

208 2319 220 2341 u
237 2308 291 2346 runt
303 2300 388 2363 habero
404 2303 505 2348 rationes
519 2302 644 2362 speciales,
661 2317 719 2362 quas
735 2303 778 2362 ipsi
788 2302 867 2347 dicunt
882 2300 985 2353 nescire,
996 2299 1097 2363 ideoque
1107 2306 1218 2365 acquies-

207 2382 219 2406 υ
236 2370 293 2409 cunt
310 2366 469 2423 probabilitati
486 2368 618 2413 extrinseca
631 2368 779 2426 praefatorum
792 2368 837 2411 ts.
856 2364 1011 2410 classicorum.
1030 2365 1077 2411 Sed
1092 2368 1115 2413 in
1132 2371 1217 2427 eodem

208 2448 220 2471 s
236 2435 329 2478 tractat.
345 2433 373 2477 da
389 2427 445 2477 lost.
462 2445 481 2479 s.
492 2433 515 2478 4.
526 2445 552 2479 ss.
563 2432 614 2479 148.
631 2433 743 2478 rationem
757 2431 870 2492 produnt,
888 2430 1002 2484 absentas,
1020 2432 1086 2491 quta
1098 2436 1152 2480 curn
1166 2432 1214 2484 Μ).

209 2512 220 2535 s
237 2493 319 2539 diouot
327 2495 441 2543 nominem
456 2510 523 2555 posse
533 2495 577 2542 sibi
591 2509 741 2555 compensare
750 2496 865 2542 creditum
874 2494 939 2556 quod
948 2508 994 2541 non
1003 2503 1041 2542 est
1054 2504 1160 2552 cenum,
1176 2501 1215 2545 in·

209 2578 220 2600 n
237 2559 345 2616 telligunt
361 2560 425 2620 loqui
440 2560 464 2606 in
480 2575 509 2607 eo
523 2575 592 2614 casu,
611 2575 659 2621 quo
674 2561 749 2619 ipsum
765 2560 880 2607 creditum
895 2567 931 2606 est
944 2560 1058 2616 dubium,
1073 2577 1119 2609 aon
1135 2570 1215 2612 auten

209 2643 220 2665 s
236 2625 330 2683 quando
344 2625 458 2672 creditum
472 2633 506 2671 est
520 2632 610 2671 certum
625 2632 649 2671 et
663 2625 759 2670 dubium
773 2634 880 2671 versatur
893 2628 981 2673 tantbm
996 2627 1059 2671 circa
1074 2627 1168 2677 modum
1176 2644 1216 2674 sa-

210 2704 222 2728 s
239 2689 390 2743 tisiactionis‚
405 2705 435 2736 an
451 2690 523 2752 possit
540 2691 580 2736 illa
593 2691 725 2735 satisfacere
741 2690 784 2735 sibi
801 2704 844 2750 per
858 2691 1066 2750 compensationem
1076 2690 1116 2737 'rel
1130 2691 1213 2746 aliter,

209 2769 220 2792 s
235 2752 291 2811 quia
303 2762 359 2800 tanc
370 2756 429 2803 bont
438 2755 558 2817 potestati
567 2754 674 2815 opinione
684 2753 799 2814 probabili
809 2754 872 2800 circa
878 2754 981 2805 modum.
993 2755 1028 2803 lta
1036 2757 1110 2802 ὅσια.
1120 2761 1141 2803 at
1149 2757 1216 2816 lupa

208 2831 220 2857 s
237 2818 259 2863 d.
270 2817 306 2863 16.
319 2832 343 2864 a.
356 2819 393 2866 ⁴7.
403 2834 433 2866 ea
444 2823 515 2866 Scor.
527 2826 548 2865 et
557 2819 641 2864 Soools.

241 2906 252 2928 s
270 2886 375 2930 Attamen
387 2887 458 2931 Cros'x
467 2888 482 2931 l.
494 2885 516 2930 5.
526 2898 550 2942 p.
561 2884 584 2929 t.
594 2898 619 2928 sa.
629 2883 681 2930 962.
692 2883 784 2928 omninb
795 2882 897 2941 negotiu
908 2883 983 2930 trihus
994 2884 1083 2933 casibus
1093 2888 1164 2946 suprl
1174 2900 1213 2932 re·

209 2970 220 2993 s
239 2951 292 2996 latis
302 2964 369 3009 possa
382 2949 433 2995 fieri
450 2947 673 3009 compensationem,
685 2950 738 2993 edm
758 2947 843 2992 nemini
857 2948 926 2994 liceat
942 2964 1090 3008 compensare
1100 2951 1214 2997 creditum

208 3034 220 3056 e
237 3014 388 3073 nisiocrtnna.
399 3014 446 3072 ligo
461 3022 554 3067 autem,
573 3020 600 3058 ut
609 3012 683 3058 fatear
691 3012 750 3072 quid
758 3012 870 3065 modam,
887 3013 940 3059 dico
954 3014 1018 3072 quod
1029 3014 1052 3058 in
1068 3014 1142 3073 primo
1158 3028 1214 3062 casu

208 3098 219 3119 s
237 3078 428 3139 compensationis
445 3079 508 3124 fama
518 3091 572 3124 cum
586 3077 684 3137 pecunia
694 3091 780 3137 sequor
793 3076 856 3137 quod
870 3083 934 3122 tenet
946 3079 1018 3123 Cros'e
1020 3111 1065 3125 .....
1076 3080 1102 3123 ln
1111 3079 1214 3125 secundo

208 3159 220 3181 s
236 3151 315 3189 autem
327 3158 381 3189 casu
397 3143 539 3204 probabilids
554 3138 609 3187 milri
625 3141 718 3187 uidetur
729 3155 774 3187 non
789 3140 862 3187 teneri
878 3140 1032 3187 detractorem
1047 3142 1130 3189 tamam
1147 3143 1217 3188 rasti-

208 3222 220 3244 »
238 3215 320 3262 tuere,
332 3207 407 3254 donec
416 3222 458 3253 aua
468 3208 527 3254 lama
538 3206 580 3266 ipsi
591 3206 740 3258 restituatur,
752 3207 805 3250 culm
815 3203 845 3249 ibi
857 3211 924 3250 suum
933 3205 973 3263 jus
984 3220 1029 3252 non
1039 3206 1114 3251 solum
1124 3206 1154 3251 sit
1163 3221 1215 3252 cer·

207 3288 219 3309 n
235 3277 287 3317 tum
297 3272 338 3318 ssd
350 3273 421 3321 etiam
436 3273 461 3318 in
473 3273 554 3319 codem
568 3286 667 3330 ponere,
681 3270 762 3316 saltem
772 3270 791 3315 si
806 3269 933 3316 diffamatio
950 3284 980 3315 cx
990 3279 1090 3330 utraque
1106 3277 1172 3330 parte
1184 3271 1214 3317 sit

207 3350 219 3372 υ
236 3335 341 3392 ejusdem
351 3337 444 3397 speciei.
461 3339 487 3384 ln
503 3337 573 3382 tertio
582 3351 637 3382 casu
649 3351 695 3382 non
705 3334 771 3381 valeo
780 3334 928 3395 acquiescere
939 3335 1017 3399 relata·
1033 3334 1149 3394 opinioni.
1161 3349 1214 3392 gra·
1254 3336 1256 3341 ’

207 3412 218 3435 u
236 3399 327 3459 tissima
337 3402 397 3447 enim
411 3409 447 3448 est
460 3401 574 3448 sententia
587 3401 652 3460 (ticet
662 3400 702 3446 alii
717 3400 869 3459 probabiliter
883 3399 954 3447 ctiam
968 3399 1136 3457 contradicant)
1152 3397 1215 3457 quod

206 3474 218 3496 ¹·
236 3475 265 3507 ex
279 3469 416 3511 testamento
431 3466 498 3512 nullo
511 3465 602 3510 nullum
614 3465 654 3524 jus
667 3465 815 3523 acquiratur,
835 3471 863 3510 ut
877 3471 957 3511 tenent
971 3465 1029 3514 not.
1044 3465 1122 3521 Laco.
1140 3463 1215 3519 Voss.

206 3534 218 3558 s
236 3525 319 3572 Scaeis.
333 3531 462 3576 Solouetc.
474 3529 528 3576 ideo
538 3530 592 3574 edna
604 3529 646 3587 jus
657 3529 762 3588 legatarii
778 3530 807 3575 sit
820 3530 915 3589 prorsus
927 3526 1041 3573 incertum
1048 3545 1055 3581 ς
1066 3525 1145 3576 nescio
1154 3538 1216 3589 quo·

182 3620 187 3625 -
206 3595 218 3617 ¹·
237 3588 305 3635 modo
314 3592 387 3650 possit
396 3593 445 3653 ipss
454 3607 602 3655 compensare
611 3594 723 3641 adversus
732 3592 846 3642 heredem
855 3592 1017 3654 possidentem.
1027 3610 1039 3633 r

216 3672 222 3695 ¹
547 3688 550 3693 ·
713 3690 715 3703 ‚
1030 3678 1098 3725 aaa:
1179 3702 1184 3707 -
