2617 4192
176 217 215 288 00
428 212 492 278 fib.
509 212 538 272 l.
558 201 941 290 Trudl.f.llroettacienlia.

106 328 113 342 “
176 315 350 397 uetusque
362 313 495 388 dicebat:
508 300 757 396 irreprobabiles
770 296 1037 385 malitiarum
1044 315 1057 376 ,·
1067 299 1196 374 etldeo,

176 403 266 486 prout
283 397 482 464 communiter
492 395 624 457 doctores
633 388 737 468 aiunt,
750 386 850 466 opinio
859 379 1092 463 pmbabssissuna
1105 428 1114 457 ,
1125 402 1197 462 qnae

176 491 265 560 otiam
278 485 431 548 moraliter
442 488 519 543 certa
532 474 623 557 (largi
635 467 900 549 tamenloquendo)
912 476 1053 540 roratur,
1067 486 1196 538 ,omnem

176 572 352 654 prudentem
363 565 553 630 formidinem
564 578 624 622 non
637 555 783 628 excludit,
796 571 834 614 ne
846 552 884 613 sit
896 552 966 620 falsa
978 572 986 609 z
996 551 1036 626 ad
1049 550 1194 614 differen-

177 659 249 719 tium
262 651 410 733 opinionis
422 650 483 710 sivo
497 643 648 707 sententiae
664 637 764 701 strietd
785 645 891 707 certa,
907 654 973 713 qua
985 653 1104 696 emnem
1118 652 1194 712 prov

177 737 296 803 &ntem
315 734 504 798 formidinem
532 725 672 791 excludit.
685 725 716 787 Si
737 740 807 802 ergo
829 720 931 798 opinio
954 719 1192 804 probabilissima

178 811 297 898 ornnem
311 840 371 888 non
384 817 513 880 excindit
525 813 701 894 prudentem
717 805 905 870 formidinem
916 826 925 880 3
938 803 1040 882 opinio
1050 803 1192 883 probabi·

177 905 296 976 lissimoe
316 923 353 984 op
375 903 447 964 osita
465 919 526 961 non
541 895 678 976 equidem
701 903 745 954 est
759 892 809 952 illa
821 933 830 962 ,
842 908 907 966 quae
922 887 1051 947 tenuiter
1070 884 1191 962 tantum

178 1001 222 1064 est
236 924 396 1071 probamin
407 1009 416 1064 3
427 984 523 1048 tennis
537 983 617 1042 enim
632 976 821 1057 probabilitas
834 990 895 1032 nou
915 978 959 1040 est
975 970 1165 1048 probabilitas
1178 1012 1189 1041 ,

177 1076 229 1146 sed
243 1075 394 1136 dumtaxat
408 1068 542 1148 qrroedam
556 1065 625 1126 salsa
638 1058 807 1140 apparentia
820 1100 828 1129 ,
843 1073 895 1120 seu
909 1072 984 1115 vana
997 1053 1189 1134 probabilita-

178 1160 216 1220 tis
228 1156 525 1238 apprehendesque
538 1148 653 1210 nullum
674 1142 850 1223 prudentem
869 1140 1008 1202 timorem
1026 1136 1189 1216 producere

178 1241 294 1323 potest,
316 1239 366 1304 sed
387 1235 504 1299 tantdm
523 1233 652 1311 aliquam
672 1226 890 1306 imprudentem
909 1221 1116 1298 formidinem
1135 1219 1187 1294 sed

178 1325 219 1398 im
240 1325 350 1388 rudens
364 1319 491 1384 formido
509 1324 633 1388 nonest
650 1311 799 1383 formido,
817 1329 883 1388 quae
895 1307 987 1368 valeat
1003 1307 1098 1370 ultum
1115 1325 1188 1384 pee-

178 1416 235 1468 eati
243 1407 405 1490 perieulum
414 1420 513 1466 seeum
522 1400 637 1462 afferre.
649 1392 920 1476 lpsimetrigidi‚et
929 1389 1017 1458 stricti
1027 1389 1188 1466 tudoristae

178 1490 376 1560 dommuuitor
388 1481 589 1563 ajunt‚.qubd
611 1477 782 1556 hujusmodi
797 1476 999 1555 imprudentes
1015 1471 1189 1544 formidines

179 1573 326 1644 eonlemni
339 1571 449 1636 debent
459 1586 529 1641 ‚nee
543 1566 581 1628 de
594 1566 636 1628 eis
650 1564 710 1623 ulla
720 1564 795 1623 ratio
809 1559 852 1623 est
863 1558 1007 1620 habenda.
1020 1559 1189 1638 insipientia

178 1658 280 1724 maora
292 1654 495 1725 ossetdieere,
511 1648 592 1729 quod
606 1650 685 1708 Dens
699 1646 784 1708 nobis
805 1643 978 1723 imposuerit
989 1642 1079 1703 etiam
1091 1641 1188 1701 futiles

180 1742 430 1808 etlrmtionabiles
439 1737 561 1802 timores
571 1736 675 1797 vitare.
690 1736 792 1810 ltaque
803 1727 923 1810 proprii
930 1725 1076 1806 loquendo
1089 1719 1189 1804 opinio

180 1826 422 1909 probabilissime
439 1824 559 1885 adversa
577 1837 638 1881 non
654 1826 699 1879 est
712 1834 766 1890 ea,
782 1812 987 1891 quaetenuiter
999 1855 1008 1882 ‚
1018 1811 1070 1871 sed
1081 1828 1190 1889 eaquae

180 1912 350 1976 dubitanter
371 1907 532 1989 probabilis
548 1914 592 1967 est
607 1926 615 1963 ι
630 1911 661 1964 et
675 1901 739 1962 haee
754 1943 763 1972 ‚
776 1899 851 1960 sieut
870 1894 1123 1974 probabilissima,
1144 1894 1190 1971 (ut

83 1999 87 2008 '
180 1994 321 2073 diximus)
334 2013 395 2055 non
414 1999 495 2053 earet
508 1989 590 2050 omui
602 1984 747 2066 prudente
766 1979 942 2051 formidine,
955 1977 1036 2058 qudd
1047 1978 1087 2037 sit
1098 1976 1166 2036 falsa
1178 1995 1190 2060 ᾗ

181 2079 222 2141 ita
244 2079 344 2160 opinio
361 2074 600 2154 probabilissime
616 2070 749 2150 opposita
765 2084 826 2127 non
849 2072 928 2125 earet
943 2062 1025 2130 omni
1050 2059 1191 2140 prudenti

97 2199 101 2204 -
181 2161 311 2238 motivo,
324 2158 403 2236 qudd
416 2158 454 2217 sit
469 2173 549 2215 vera.
562 2156 648 2214 Nune
663 2160 730 2230 peto
745 2149 861 2230 ;positu
873 2190 882 2220 ‚
896 2145 976 2225 qubd
990 2146 1094 2226 opinio
1111 2152 1190 2208 sans

124 2249 129 2258 ’
180 2260 236 2322 pro
258 2242 342 2319 logo,
362 2241 496 2318 opposita
522 2236 765 2315 probabilissima
784 2233 871 2295 stanti
896 2250 950 2311 pro
973 2232 1131 2302 libertate,
1145 2236 1190 2304 est

181 2320 271 2386 dubie
284 2320 462 2402 probabilis,
481 2318 630 2397 quomodo
650 2320 701 2396 qui
720 2326 816 2379 censet
834 2316 972 2377 illicitum
993 2332 1056 2375 esse
1068 2310 1191 2382 immitti

181 2402 214 2472 in
235 2402 398 2480 perieulum
415 2399 649 2479 transgrediendi
672 2400 791 2477 legem,
810 2400 911 2461 rolens
924 2397 1191 2475 probabilissimam

181 2487 284 2565 sequi,
303 2486 413 2565 peterit
432 2497 573 2564 umquam
595 2484 627 2546 in
648 2486 733 2563 praxi
750 2503 818 2546 enm
836 2479 994 2561 tranquilla
1013 2482 1193 2558 conscientia

180 2569 281 2632 induri
294 2570 330 2632 ad
341 2568 466 2634 tirmiter
477 2567 656 2630 eredendum
669 2610 678 2640 ‚
697 2567 777 2645 qubd
787 2568 888 2645 opinio
900 2564 978 2634 stans
988 2584 1043 2644 pro
1056 2559 1121 2644 lege
1127 2555 1191 2624 non

182 2654 221 2715 sit
244 2651 314 2715 rond
330 2652 508 2732 probabilis,
524 2653 611 2714 etsie
634 2649 867 2730 probabilissima
885 2649 929 2714 uti
944 2693 952 2722 ,
968 2649 1041 2727 quin
1058 2647 1192 2726 periculo

181 2736 413 2816 transgrediendi
436 2738 531 2817 legem
553 2738 738 2814 exponatur?
755 2734 810 2794 Ubi
828 2731 1114 2800 stateraminreniet
1126 2738 1192 2802 tam

181 2831 311 2904 exaemm
322 2865 331 2895 ‚
344 2841 411 2900 quae
429 2824 528 2900 ipsum
540 2819 643 2881 reddat
654 2819 810 2889 murum,
833 2815 913 2894 qubd
931 2816 1032 2895 opinio
1044 2824 1122 2879 stans
1134 2832 1194 2892 prov

180 2907 245 2987 lege
258 2914 353 2967 eareat
364 2905 485 2983 quidem
497 2902 612 2965 tnntrlm
624 2901 838 2979 probabilitatis
848 2899 978 2979 pondere
994 2944 1002 2971 ‚
1016 2899 1189 2977 quodpillam

181 2987 287 3052 officiat
297 2989 497 3068 probabilem,
518 2994 548 3047 et
565 2987 606 3047 sie
619 2986 681 3063 ipse
693 2983 811 3053 secure,
825 2981 883 3043 eti
902 2984 1033 3062 periculo
1047 2981 1189 3042 immunis

181 3076 339 3151 operetur?
352 3071 463 3134 ldeireo
477 3078 578 3149 repeto
590 3113 600 3142 ‚
614 3068 695 3146 quod
704 3068 741 3129 ab
753 3067 840 3127 initio
857 3066 937 3139 dixi,
955 3064 1035 3144 qudd
1046 3065 1116 3138 bille,
1138 3063 1188 3143 qui

181 3155 274 3218 eredit
292 3173 354 3219 non
373 3174 456 3236 posse
477 3155 572 3218 teneri
593 3153 730 3233 inpraxi
750 3153 878 3231 aliquam
899 3152 1070 3231 opinionem
1092 3144 1215 3231 minir'sp

181 3245 294 3314 mum,
309 3241 365 3303 nisi
378 3239 610 3319 probabilissima
629 3239 687 3310 sit,
705 3254 771 3312 eum
793 3254 897 3314 magna
921 3233 1092 3308 difficultate
1107 3242 1196 3311 pote--

181 3321 285 3406 ritsibi
296 3323 423 3384 formare
433 3322 580 3384 dictamen
590 3330 704 3389 eertum
719 3319 756 3381 ad
770 3317 952 3398 operandum
966 3361 975 3390 ‚
989 3318 1046 3390 nisi
1054 3318 1191 3378 strictum

183 3405 366 3484 amplexetur
380 3405 601 3479 tutiorismum,
614 3403 695 3482 quod
712 3401 897 3468 solummodo
913 3401 950 3469 ab
963 3399 1045 3476 omni
1054 3393 1190 3480 ¹periculo

182 3486 276 3563 legem
288 3486 520 3565 urmsrradtondt
534 3489 685 3559 immune,
696 3495 784 3566 atque
794 3485 922 3558 liberum
940 3492 996 3548 est.
1059 3485 1078 3562 J
1108 3533 1132 3541 ,.
1159 3547 1162 3556 Α
1192 3557 1196 3568 ᾖ

184 3595 201 3614 r
214 3566 270 3626 85.-
281 3597 325 3616 »m
333 3570 449 3630 ¹lrt'atant
458 3569 639 3652 mummoli,
652 3579 685 3658 et
695 3570 797 3642 dieunt
809 3587 821 3649 ².
831 3569 888 3650 Qpi
900 3571 1025 3646 tutiores
1038 3567 1192 3652 ppirriopqs
