2617 4192
156 272 195 349 50
399 261 659 341 1195119111.
673 262 718 327 De
732 250 914 325 romonae.

193 369 327 447 &ooo
349 369 422 437 teri
451 370 595 432 aeateob‘e
616 376 723 447 negat,
744 385 835 446 quam
857 371 961 427 tenent
981 363 1108 429 ronam
1127 365 1167 429 tle

115 502 121 517 .
155 464 247 519 matr.
263 453 285 519 l.
308 456 339 517 1.
352 474 378 517 o.
389 456 486 521 ibae.
503 455 534 514 9.
552 451 663 515 saut.
689 448 785 515 dent
800 453 830 510 1.
847 469 914 530 sup.
927 451 957 509 9.
975 467 1009 510 a.
1024 451 1075 510 55.
1096 469 1166 511 eum

159 542 249 622 Voaq.
274 534 376 601 Soloe.
388 539 456 621 Syr.
476 541 590 612 Perea,
603 546 633 598 et
653 533 722 598 otiis
741 533 822 616 opud
846 532 935 594 saro.-
955 552 989 594 π.
1013 537 1063 595 17.
1088 537 1167 597 ltem

155 626 241 707 Spar.
251 622 288 687 da
298 642 377 687 coos.
389 640 415 684 e.
425 625 454 684 1.
472 641 506 683 a.
520 624 568 689 tr.
583 629 611 681 et
624 621 699 683 Vivo
717 621 752 681 in
770 637 827 679 sua
840 617 895 679 71.
915 637 992 679 mor.
1008 617 1044 681 de
1056 623 1165 701 poenit.

155 728 186 793 q.
200 712 230 771 5.
240 716 298 777 ort.
311 708 341 771 5.
353 729 385 775 u.
404 710 434 769 9.
446 708 496 768 ubi
509 708 627 769 videtur
639 724 674 765 se
691 721 829 766 revocare
841 747 850 775 ‚
863 705 967 764 saltem
981 706 1079 782 quoad
1097 707 1165 784 opi-

155 794 276 868 niones,
301 814 367 873 quae
390 812 427 854 ex
451 800 534 871 parte
559 790 781 867 suscipientium
803 789 910 865 passim
929 786 947 847 a
967 788 1105 849 fidelibus
1130 791 1166 851 in

152 880 270 961 proxim
288 878 483 939 deducuntur.
497 875 581 937 Ratio
594 874 663 951 quia
684 874 796 932 nullam
814 880 948 933 censetur.
965 872 1106 950 injuriam
1117 894 1168 936 sa-

155 970 305 1035 cramento
322 964 475 1041 irrogare,
488 961 542 1040 qui
555 959 650 1021 utitur
672 958 810 1037 opinione
820 956 981 1034 probabili3
993 976 1048 1017 neo
1060 960 1166 1020 viden-

155 1057 404 1117 tursacramouta
420 1062 574 1126 exposcere
588 1042 732 1120 majorem
754 1041 971 1110 reverentiam,
987 1041 1076 1119 quam
1094 1063 1166 1121 pro-

154 1129 301 1207 babilem,
316 1151 404 1210 quarn
417 1136 577 1209 exposcunt
591 1128 645 1189 alia
657 1134 800 1206 prreoepta
821 1125 932 1184 divina.
948 1128 984 1185 Et
997 1125 1074 1186 hano
1095 1147 1166 1189 sen·

156 1217 299 1287 tentiam,
319 1217 359 1276 ait
379 1217 464 1296 Muq.
483 1217 577 1274 Hozes
599 1213 634 1273 ita
650 1209 879 1289 eodenpropos.
891 1211 921 1268 1.
935 1208 1016 1290 apro
1038 1212 1162 1274 Coeden.
1185 1220 1196 1235 ‘

156 1318 189 1371 o,
204 1302 253 1360 97.
264 1317 324 1362 uon
338 1300 466 1361 amisisse
480 1316 563 1363 suam
583 1296 817 1375 probabilitatem
828 1312 865 1354 ex
887 1294 1076 1356 damnatione
1087 1301 1165 1359 Pon·

155 1386 242 1444 tiliois
254 1407 264 1460 ;
277 1386 347 1462 quia
363 1403 424 1447 non
447 1390 582 1453 camut,
599 1381 829 1459 propositionem
849 1378 947 1456 potiris
972 1383 1166 1461 prosmiptqm

154 1468 243 1529 fuisso
260 1477 391 1547 respectu
417 1468 588 1541 reverentia
611 1483 680 1543 erga
699 1473 878 1525 sacramenta
893 1506 902 1534 ‚
918 1463 1009 1541 quam
1030 1479 1165 1546 respectu

58 1557 64 1565 “
156 1551 303 1623 charitatis
313 1571 382 1632 erga
395 1551 652 1630 suscipiensque
662 1559 760 1609 tamen
773 1549 1027 1609 nonobstantibus
1040 1595 1048 1622 ‚
1060 1570 1165 1617 censeo

156 1656 217 1699 non
228 1636 450 1699 recedendumb
463 1639 559 1717 priora
577 1636 738 1703 sententias,
752 1636 855 1694 sutem
874 1635 943 1712 quia
958 1637 1083 1699 monada
1101 1639 1165 1701 ferti

156 1741 319 1801 numquam
340 1723 448 1802 poterit
471 1722 576 1789 deduci
603 1722 635 1785 io
660 1717 813 1799 proxima
842 1719 1069 1797 suscipientibus
1099 1723 1165 1786 sine

157 1812 278 1892 proprio
297 1814 402 1875 animae
419 1811 610 1877 detrimento.
648 1870 654 1878 ,
793 1877 799 1881 .

170 1892 173 1897 ’
197 1898 434 1957 52.-lniertur
447 1898 517 1957 bet
531 1893 657 1968 ultimb‚
682 1893 763 1973 qubd
784 1895 808 1955 si
831 1894 898 1972 quis
916 1894 1048 1968 dubitat,
1070 1913 1109 1955 an
1131 1892 1164 1959 id

157 1981 237 2063 quod
255 1981 331 2040 vidit
345 1982 376 2040 in
400 1980 504 2057 sylva,
529 1981 569 2039 sit
591 1980 671 2050 sera,
693 1978 865 2048 veliterno,
890 1994 951 2038 nou
968 1988 1066 2058 potest
1089 1980 1164 2042 illud

156 2064 246 2125 ferire
258 2107 267 2135 ‚
280 2064 394 2125 etiamsi
406 2063 615 2141 probabiliter,
636 2071 690 2123 aut
709 2062 890 2141 probabilius
904 2064 1050 2124 minimos
1061 2108 1069 2136 ‚
1082 2062 1174 2126 illam

158 2166 219 2208 esso
238 2145 330 2205 soram
342 2166 352 2220 3
364 2162 433 2204 nam
446 2146 471 2205 si
491 2144 591 2204 revera
609 2146 685 2205 illud
711 2146 820 2205 animal
840 2155 914 2205 esset
932 2145 1020 2206 bomo
1034 2189 1042 2215 ‚
1055 2147 1161 2224 proba·

157 2229 255 2290 bilitas
274 2229 346 2299 illa,
368 2229 430 2287 sive
446 2227 541 2304 major
561 2230 768 2308 probabilitas,
783 2247 843 2288 non
865 2230 1000 2288 liberaret
1010 2228 1165 2292 bominem

156 2312 292 2373 ltmorte.
317 2314 418 2387 ltaque
435 2313 571 2373 universo
589 2313 766 2383 dicendum,
785 2331 946 2390 numquam
967 2330 1029 2372 esse
1048 2314 1164 2375 licitum

156 2397 202 2456 uti
219 2395 358 2473 opinione
377 2394 519 2473 probabili
539 2396 746 2474 probabilitate
766 2396 850 2470 faeti,
865 2397 917 2457 ubi
938 2405 983 2457 est
1000 2399 1163 2476 perieulum

158 2479 277 2553 damni,
297 2478 345 2540 vel
359 2477 475 2555 injurie
493 2480 631 2558 proximi.
1245 2544 1248 2555 A

200 2567 249 2626 55.
260 2598 300 2611 ·-
309 2562 396 2624 Serus
405 2572 504 2624 omen
514 2564 668 2624 dicendum
681 2563 882 2643 deopiniona‚
895 2584 962 2644 quae
973 2576 1017 2629 est
1027 2567 1163 2646 probabi·

159 2652 197 2713 lis
217 2647 502 2729 probabilitatejuris
514 2670 523 2726 3
534 2657 604 2710 tuno
625 2650 705 2709 enim
718 2651 842 2727 quisque
852 2651 930 2711 licite
940 2654 984 2712 uti
999 2662 1093 2731 potest
1102 2653 1164 2730 opi-

160 2737 251 2795 nione
273 2735 346 2807 illa,
376 2733 504 2793 formans
526 2732 582 2792 sibi
603 2732 809 2793 conscientiam
830 2735 980 2794 moraliter
997 2745 1106 2796 certam
1129 2737 1164 2795 de

160 2816 312 2880 honestate
319 2835 379 2879 suae
392 2817 511 2878 aetionis
520 2815 573 2898 (l).
583 2818 658 2893 Quia
668 2826 753 2890 tuno,
764 2813 832 2877 ebur
842 2817 929 2878 dubia
941 2818 979 2880 sit
992 2820 1050 2893 lex,
1063 2829 1094 2880 et
1105 2837 1164 2879 non

191 2997 224 3056 (1)
233 2997 266 3042 1.·
276 2994 344 3051 Quod
357 2995 381 3042 in
392 2995 436 3043 boe
445 3010 541 3045 numero
550 2998 671 3058 sequitur,
682 2994 751 3043 sicuti
765 2998 855 3044 numeri
864 3004 987 3059 sequentes
995 2999 1039 3054 51,
1049 2999 1094 3052 55,
1104 2999 1134 3045 55
1142 3007 1167 3045 at

162 3060 192 3108 57
202 3075 231 3107 ex
240 3059 296 3106 edit.
310 3068 373 3106 sexta
384 3062 448 3107 Rom.
464 3077 518 3110 ann.
532 3064 598 3110 1767.
608 3064 639 3108 ad
651 3063 749 3108 verbum
759 3063 861 3122 excerpti
872 3070 897 3109 et
912 3064 950 3108 hle
959 3063 1165 3123 interposuimus,

162 3127 217 3170 ciam
234 3124 368 3170 brevissime
379 3140 406 3170 re
415 3126 483 3171 valdo
493 3126 567 3185 logice
579 3141 657 3172 omues
667 3126 737 3172 facies
754 3126 909 3184 probabilismi
926 3142 967 3172 seu
984 3128 1070 3185 gradus
1082 3128 1182 3187 proha?

162 3189 257 3235 lrilitstis
269 3189 338 3236 simul
348 3190 483 3238 exhibentes
500 3198 599 3239 mentem
608 3192 710 3240 auctoris
722 3191 752 3238 de
766 3205 809 3238 suo
818 3197 940 3253 systemate
950 3192 1036 3238 clarius
1045 3191 1168 3240 ostendere

86 3308 91 3309 ⁷
161 3253 305 3302 viderentur.

189 3318 224 3364 2·
231 3319 289 3364 cum
299 3318 325 3364 S.
335 3318 468 3376 Alpbomus
477 3321 505 3367 de
516 3321 626 3380 liquefio
641 3335 709 3367 suum
720 3326 844 3366 tractatum
854 3321 884 3367 ‹le
897 3320 1037 3367 consolantia
1045 3320 1169 3381 aliquoties

162 3381 240 3443 quoad
250 3381 347 3427 formam
359 3382 503 3438 immutavit,
518 3386 605 3431 factum
615 3394 663 3439 est.
680 3393 707 3431 ut
716 3386 806 3431 numeri
813 3386 855 3440 56,
871 3385 979 3431 nimirrlm
990 3386 1081 3432 numeri
1090 3399 1170 3432 omnes

161 3446 193 3492 ab
203 3445 247 3493 boe
264 3461 287 3492 n.
297 3446 327 3491 55
336 3445 454 3494 exclusive
467 3463 542 3508 usque
552 3450 583 3495 ad
593 3465 616 3497 u.
628 3451 673 3505 99,
689 3465 790 3510 quocum
801 3451 926 3496 inchoatur
938 3457 969 3499 tr.
979 3453 1003 3496 9.
1016 3451 1046 3498 de
1056 3451 1167 3509 Legibus.
1259 3496 1265 3510 ¹

162 3509 255 3568 penitus
264 3509 399 3555 defecerint.
415 3512 533 3570 Optimum
543 3513 622 3576 itaque
635 3528 687 3562 esse
696 3515 818 3569 dommus,
834 3529 943 3563 numeros
952 3515 1048 3563 omissos
1056 3514 1169 3563 claritatis

162 3573 232 3617 most
239 3584 284 3629 pre
294 3573 381 3619 viribus
391 3577 522 3632 restituere·
687 3600 698 3631 u
1019 3637 1083 3683 m
