2617 4192
396 247 512 328 Cepal.
527 242 607 322 uastat
623 245 797 309 emmanue
808 252 836 309 et
847 242 1028 326 quotuplex?
1194 253 1213 313 a

205 369 329 417 erronea
339 351 416 412 droa
427 355 569 427 precepta
575 345 652 423 juris
663 345 1006 425 naturetltespondetur
1014 345 1063 409 bie
1070 347 1211 425 breviter,

205 438 284 517 quod
297 443 392 516 potest
404 433 469 493 dari
480 432 554 492 eirea
565 431 765 491 conclusiones
784 432 923 492 mediales
936 440 966 490 et
977 442 1103 493 remotas
1111 430 1132 494 *d
1150 437 1211 515 pri·

203 524 262 584 mis
285 518 454 600 principiis,
481 534 542 576 nen
561 514 633 576 verb
650 516 726 574 circa
747 516 946 577 conclusiones
962 516 1161 594 immediatas,
1182 529 1214 582 et

204 606 371 687 proximas3
393 608 428 663 ut
445 609 541 673 esset,
559 599 674 661 auferre
685 600 814 658 alienum
826 600 919 659 invito
929 599 1068 673 domino,
1083 603 1213 665 occidere

204 695 403 760 innocentem,
416 695 473 746 eto.
483 687 533 744 Est
543 685 709 743 communis
720 683 864 743 sententia
874 727 882 754 ‚
893 701 982 761 quom
993 684 1067 745 inlrd
1075 688 1213 765 probabi-

203 795 289 845 mus,
309 772 482 834 auctoritate
493 769 658 848 presertim
681 769 715 828 S.
730 766 858 843 roomo,
872 767 906 829 iu
930 775 970 827 tr.
987 769 1032 830 11.
1046 767 1082 832 dc
1104 766 1212 852 leqibes

204 877 236 923 e.
250 860 319 920 169.
659 894 662 895 ⁷

244 947 324 1005 9.-
337 938 527 1015 Quaenturb.
546 936 592 997 An
610 937 675 997 dari
699 936 792 1016 possit
809 937 983 997 conscientia
1001 936 1213 1002 invincibiliter

206 1044 328 1089 erronee
341 1026 372 1086 in
391 1043 426 1085 eo
438 1068 446 1095 ‚
458 1022 512 1101 qui
533 1023 614 1098 cupit
630 1022 748 1099 aliquod
765 1030 880 1099 patrare
893 1021 1025 1096 malum,
1039 1021 1109 1100 putd
1120 1024 1212 1086 iorni·

207 1113 368 1182 ostionem,
379 1108 515 1187 judicans
532 1123 586 1182 per
603 1124 734 1166 errorem
747 1106 842 1165 solum
858 1105 1037 1165 desiderium
1050 1107 1211 1170 fornicandi

205 1216 266 1258 non
280 1214 341 1256 esse
358 1194 500 1264 mortale,
512 1191 537 1250 si
555 1191 710 1251 fornicatio
730 1191 804 1250 lacte
818 1208 876 1250 non
885 1190 1047 1267 sequitur?
1057 1191 1214 1255 Affirmant

84 1338 91 1343 .
203 1284 234 1344 id
247 1291 281 1342 ut
293 1280 473 1361 probabilius
484 1275 615 1337 Sucebez
622 1319 632 1350 ‚
642 1283 671 1335 et
685 1273 849 1350 Cardeam,
863 1276 991 1334 dieentes
1002 1273 1082 1335 bunc
1094 1294 1212 1354 peceare

203 1365 319 1428 tontum
328 1363 530 1431 materialiter,
538 1361 606 1436 quia
620 1357 689 1419 lieet
698 1360 760 1436 ipse
769 1359 841 1419 velit
850 1360 959 1419 malum
969 1359 1043 1419 illud
1052 1359 1211 1436 objectum,

201 1448 520 1515 tameninvincibiliter
532 1444 625 1504 credit
636 1443 818 1504 desiderium
830 1463 916 1504 suum
925 1443 1064 1521 injuriam
1077 1447 1139 1506 Deo
1151 1465 1211 1507 non

157 1546 161 1553 ’
202 1537 343 1613 irrogare.
354 1535 436 1592 Hane
445 1541 545 1592 tamen
554 1529 725 1607 opinionem
735 1546 897 1607 numquam
907 1529 1212 1608 probabilemeensere

202 1622 307 1699 potui3
327 1635 491 1694 numquam
514 1615 595 1674 enim
617 1613 780 1691 intelligere
793 1615 890 1685 valui,
912 1614 1060 1690 quomedo
1081 1616 1213 1692 quivult

205 1701 518 1763 deliberatioactienem
539 1716 694 1769 exercere,
708 1698 767 1775 qud
789 1699 845 1758 scit
858 1700 954 1756 Deum
971 1692 1096 1767 ollandi,
1122 1696 1213 1776 possit

206 1787 423 1864 inculpabiliter
439 1785 578 1853 eredere,
594 1785 691 1841 Deum
705 1799 766 1841 non
785 1781 950 1852 offendere,
967 1782 1041 1840 dum
1059 1780 1213 1845 efficaciter

206 1871 288 1946 cupit
301 1870 382 1931 illam
393 1868 498 1945 exequi
508 1910 516 1938 ‚
526 1866 583 1943 qui
597 1864 675 1926 certe
689 1867 819 1943 agnoseit
828 1865 919 1924 averti
931 1863 948 1923 ‘a
961 1866 1033 1923 Deo.
1044 1866 1100 1924 Sed
1110 1867 1187 1927 dices
1201 1890 1209 1927 ε

205 1952 362 2025 Quomodo
376 1951 429 2009 iste
449 1950 579 2027 peccabit
594 1950 757 2008 formaliter
771 1949 822 2008 illo
835 1967 888 2009 suo
901 1947 1063 2020 desiderio,
1085 1949 1109 2008 si
1127 1953 1212 2012 mali-

206 2037 278 2097 tiam
292 2034 355 2111 ejus
371 2035 503 2112 ignorat?
514 2033 727 2111 ¹despondetur
741 2055 749 2091 ε
764 2034 903 2107 Quamvis
921 2032 1212 2114 detur‚-qubd'igne·

204 2129 252 2181 ret
267 2119 408 2181 malitiam
424 2118 505 2177 illius
527 2116 608 2178 aetius
623 2117 749 2187 interni,
766 2115 846 2177 certb
868 2126 966 2177 tamen
985 2117 1114 2194 agnoseit
1126 2120 1212 2180 mali-

202 2207 275 2269 tiem
287 2203 367 2265 actis
378 2204 490 2263 externi
500 2225 508 2262 ε
520 2204 544 2263 si
555 2221 625 2280 ergo
639 2203 704 2261 vult
718 2202 803 2264 illurn
814 2203 918 2280 exequi
929 2247 937 2274 ‚
948 2203 1010 2280 iam
1020 2206 1169 2283 cognitum
1178 2214 1212 2268 ut

202 2291 314 2353 malum
325 2333 334 2360 ‚
347 2287 496 2366 quomodo
512 2286 529 2346 d
544 2294 662 2366 peceato
681 2289 888 2347 excusabitur?
909 2290 1017 2348 Omnes
1036 2289 1155 2370 quidem
1175 2308 1212 2351 ex

201 2373 388 2452 ipselumine
400 2381 513 2431 naturae
528 2371 705 2449 dignoscunt
720 2416 728 2443 ‚
745 2390 776 2431 se
788 2373 883 2432 teneri
900 2373 935 2435 ad
949 2374 1145 2439 obediendum
1156 2393 1212 2435 suo

202 2458 350 2531 Creatori3
373 2455 491 2535 quando
503 2456 594 2533 igitur
618 2456 686 2533 quis
708 2455 867 2518 deliberate
887 2459 952 2517 vult
973 2475 1058 2535 agere
1081 2458 1111 2518 id
1131 2461 1212 2536 quod

201 2541 255 2600 seit
278 2540 295 2600 a
320 2542 383 2599 Deo
410 2539 467 2599 sibi
488 2539 634 2610 uetitum,
657 2540 819 2601 necessarie
835 2541 932 2601 simul
959 2540 1105 2617 agnoseit,
1131 2542 1211 2619 qudd

200 2623 279 2686 male
291 2624 351 2701 agit
363 2641 371 2680 ε
384 2630 413 2682 et
426 2622 561 2700 quemvis
567 2622 675 2683 rellexd
690 2634 760 2684 tunc
771 2644 831 2686 non
843 2633 959 2702 peccet,
972 2623 1103 2702 putando
1115 2628 1212 2689 solum

199 2718 299 2769 uotum
315 2716 473 2768 externum
496 2724 560 2767 esse
583 2718 754 2787 peecatum
770 2707 896 2770 exercite
916 2717 1014 2767 temen
1036 2716 1066 2768 et
1084 2708 1116 2769 in
1135 2711 1211 2771 lacto

200 2792 263 2873 jam
273 2801 373 2870 peceat
382 2835 390 2864 ‚
399 2792 502 2852 volens
515 2809 623 2869 negare
634 2796 697 2853 Deo
709 2838 717 2866 ‚
730 2804 864 2872 tempore
876 2810 934 2870 quo
946 2793 1053 2870 cogitat
1062 2803 1211 2872 peecatum

204 2893 406 2939 consummare
418 2920 428 2947 ‚
441 2874 571 2937 debitam
590 2877 798 2943 obedientiam.
813 2878 936 2937 lnstebis
957 2897 965 2935 ε
991 2877 1090 2954 plures
1109 2877 1211 2937 rustici

204 2957 273 3018 ideo
282 2976 342 3021 non
353 2960 532 3022 confitentur
538 2961 575 3021 de
584 2959 631 3021 bis
638 2963 737 3040 pravis
746 2962 897 3021 desideriis
909 3003 919 3036 ,
932 2961 999 3038 quia
1010 2961 1134 3023 credunt
1145 2970 1211 3024 tum

203 3040 321 3103 tentum
329 3062 463 3121 peccare,
476 3045 545 3107 edm
556 3056 707 3125 peecatum
719 3046 840 3108 externe
851 3056 1065 3107 consummant.
1079 3049 1211 3126 Respon-
1261 3060 1263 3063 ’

200 3126 280 3186 ‚de02
293 3125 341 3186 isti
351 3128 446 3205 petius
455 3129 527 3190 lalsb
536 3131 725 3209 decipiuntur
737 3134 768 3192 in
777 3131 938 3203 credendo,
949 3130 1029 3209 qudd
1039 3149 1099 3192 nen
1108 3140 1211 3192 teuen-

203 3219 255 3271 tur
267 3210 400 3275 confiteri
412 3224 526 3293 peccata
538 3234 603 3292 quoe
615 3233 676 3275 non
688 3224 893 3277 consummant
906 3235 915 3291 3
928 3215 979 3274 sed
997 3216 1125 3294 prudens
1141 3234 1212 3277 eon-

198 3295 474 3375 ·iessariusjudicare
484 3300 591 3367 debet,
606 3298 686 3377 quod
695 3346 703 3373 ‚
713 3299 783 3361 edm
794 3309 1004 3361 consenserunt
1014 3301 1047 3361 in
1062 3309 1212 3380 peecatum

201 3385 485 3456 consummandum,
507 3382 578 3446 vere
595 3392 625 3444 et
644 3385 808 3451 formaliter
827 3395 1038 3464 peceaverunt,
1061 3387 1212 3448 voluntate

201 3462 292 3544 prard
303 3466 360 3528 sed
373 3471 623 3528 Deoavertentes.
634 3469 734 3530 *Exbis
752 3472 889 3530 omnibus
907 3472 1076 3550 opinionem
1097 3480 1214 3532 contra·

199 3549 277 3611 riam
289 3569 358 3611 cum
370 3552 437 3612 eliis
453 3551 545 3611 doctis
560 3553 774 3614 remetioribus
784 3552 890 3632 paadm
897 3555 1084 3639 probabilem
1096 3571 1211 3616 censeo.

167 3672 171 3681 ,
230 3636 508 3714 «ees-Perqumus
530 3635 567 3697 ad
585 3635 657 3698 elias
673 3637 857 3700 eonscientiae
873 3640 984 3718 'species
1003 3639 1210 3704 discutiendas.
