2617 4192
394 244 882 328 Appoudiedodiapeasotioatbua.
1085 240 1143 311 dib

120 356 153 397 ‘a
175 343 301 407 {ormam
318 342 335 405 t
351 344 460 406 Rituali
484 348 616 408 Romano
635 346 808 425 probatam,
824 355 855 408 ct
875 353 941 426 post
959 346 1048 407 verba
1068 349 1141 421 isto,
1207 408 1212 415 ,

139 452 153 482 ιι
177 426 300 490 Absolvo
321 437 347 490 te
365 431 387 488 d
403 431 529 511 peccetis
552 432 630 506 teia,
653 431 783 492 addere:
802 440 831 491 et
851 429 952 492 codem
973 433 1142 494 auctoritate

137 537 151 566 ι
173 510 289 575 declaro
306 522 331 574 te
351 515 385 575 in
401 513 476 577 dicto
491 515 681 577 anotra‘moaio
698 532 835 590 monere,
853 524 883 576 ct
896 513 1024 576 debitum
1042 512 1142 596 conje-

136 620 151 650 ιι
172 593 239 677 pole
257 596 374 660 reddere
387 617 493 681 pocae,
516 609 545 660 ct
563 598 661 661 debere
673 623 684 660 .·
697 617 809 661 necnon
824 598 961 680 dbpeaao
982 606 1092 674 tecam,
1110 606 1146 659 at

63 751 66 759 .
136 705 152 733 ιι
174 679 250 742 Mem
269 680 397 745 debitum
415 686 504 746 etiam
521 686 633 766 ccipere
650 682 727 746 licito
757 680 866 745 coleos.
884 685 924 766 lo
942 682 1060 745 nomine
1079 685 1141 744 Po·

136 788 150 817 ιι
175 766 251 837 tria,
272 773 324 826 eto.
343 769 372 826 Si
394 768 465 828 verb
486 770 525 829 sit
548 768 742 829 absolvendus
762 769 800 828 ab
822 766 1139 839 excommunicatione,

135 872 149 902 ιι
172 847 237 909 eide
248 848 410 929 formulam
420 851 442 912 l.
452 856 482 915 7.
491 872 524 913 a.
536 854 602 912 tto.
616 855 644 913 6.
657 853 796 913 Absoluta
808 852 1043 930 dispensatione,
1056 851 1142 913 debet

135 957 149 986 ιι
174 934 300 994 lacerare
317 935 605 1016 litteras,proeeipue
623 938 772 1015 sigillum,
787 937 828 996 ita
846 946 878 997 ut
900 936 937 995 ad
955 935 1140 1015 probandum

135 1042 149 1070 ιι
172 1018 282 1078 servire
297 1036 356 1079 non
371 1022 502 1098 possint,
516 1020 585 1080 aliis
596 1021 722 1082 incurrit
736 1022 1071 1082 excommunicationem=
1083 1040 1142 1081 ma·

134 1125 148 1154 ιι
169 1099 289 1177 iorem,
308 1104 365 1163 Leo
380 1103 407 1183 t.
427 1107 496 1165 259.
512 1105 658 1163 laceratio
677 1113 776 1164 tamen
796 1105 850 1164 ista
871 1123 929 1165 non
951 1091 998 1164 esi
1015 1105 1140 1166 desub
1254 1148 1259 1159 ·

133 1209 147 1238 ιι
172 1185 301 1244 stantia:
318 1189 387 1263 quia
408 1185 524 1247 tantiam
546 1188 728 1258 intenditur,
751 1197 784 1249 ut
806 1206 866 1248 non
889 1188 1085 1266 suffragentur
1108 1190 1140 1251 ln

132 1294 147 1323 ιι
171 1268 236 1327 foro
253 1279 385 1330 externo.
401 1273 430 1331 7.
445 1273 534 1334 Nullo
548 1273 635 1332 modo
651 1272 739 1333 debet
759 1275 975 1334 attestationem
991 1275 1139 1352 dispensa·

132 1377 148 1407 ιι
174 1352 262 1419 tionis
273 1355 371 1426 lacta,
384 1374 480 1435 neque
493 1358 589 1434 ipsum
602 1358 694 1417 Breve
704 1400 712 1428 ,
724 1374 774 1418 seu
786 1358 916 1436 diploma
924 1358 1058 1435 reddere,
1071 1356 1138 1420 edm

132 1462 146 1490 ιι
172 1454 227 1514 pro
249 1439 312 1499 solo
334 1440 398 1502 soro
420 1442 603 1502 conscientie
625 1443 729 1503 debeat
750 1444 871 1503 servire.
893 1446 929 1520 8.Δ
948 1443 1029 1503 Nihil
1052 1444 1138 1504 debet

131 1546 145 1574 ιι
171 1523 318 1599 accipere,
337 1543 374 1585 ne
391 1526 439 1586 vid
458 1527 577 1604 quidem
598 1528 842 1605 compensationis
854 1546 909 1607 pro
924 1527 1139 1606 dispensatione

131 1630 145 1658 ιι
169 1605 257 1664 etiam
271 1608 401 1684 profero
414 1619 534 1669 externo
553 1612 646 1668 facta:
664 1610 729 1670 ideb
745 1614 826 1670 enim
844 1612 1031 1683 inscribitur,
1043 1612 1138 1690 pratia

130 1714 145 1742 ι
169 1687 286 1767 ubique.
302 1689 380 1748 Alias
394 1692 520 1751 incurrit
534 1694 598 1768 ipso
614 1693 689 1751 lacto
703 1693 1032 1753 excommunicationem
1044 1692 1137 1769 majo·

45 1802 47 1805 -
130 1799 145 1829 ιι
171 1789 247 1834 rem.
264 1771 574 1836 decantatam.
588 1792 624 1834 cx
638 1775 776 1837 declarat.
789 1774 908 1836 Gordiu.

309 1943 361 2003 Ex
380 1940 465 2004 dictio
479 1939 665 2004 resolvuntur
682 1949 831 2024 mqueatea
847 1959 955 2005 caecae

139 2152 142 2157 ,
169 2112 239 2171 207.
254 2134 321 2164 -ι
338 2113 368 2171 l.
385 2111 582 2171 Confessarius
603 2128 659 2190 pro
678 2110 733 2170 hac
752 2108 967 2188 dispensatione
988 2112 1057 2193 eligi
1077 2135 1137 2179 non

131 2221 145 2249 ιι
171 2203 268 2271 potest
287 2195 340 2271 qui
361 2193 477 2254 tantiam
499 2205 543 2255 est
565 2196 668 2256 doctor
687 2194 817 2266 ordinis,
839 2195 887 2253 vel
908 2196 1070 2273 professor,
1091 2203 1138 2263 vel

130 2306 145 2335 ιι
169 2280 334 2338 licentiatus
349 2278 520 2358 theologiam
534 2281 706 2358 quodecim
719 2278 768 2339 hlc
780 2280 811 2339 in
824 2279 1030 2341 favorabilibus
1040 2285 1138 2347 veniat

130 2390 144 2419 ιι
170 2365 291 2424 nomine
308 2363 453 2437 doctoris,
471 2363 586 2425 tantona
607 2365 782 2443 intelligitur
798 2364 837 2424 de
858 2365 913 2434 iis,
936 2386 1003 2444 quae
1024 2370 1138 2431 ratione

130 2475 145 2503 ιι
169 2448 319 2519 exercitii,
339 2467 400 2509 non
429 2451 628 2527 oneratione
649 2451 798 2528 dignitatis
822 2451 1058 2512 committuntur.
1080 2455 1138 2515 Leo

131 2558 145 2587 lt
192 2573 200 2590 ι
238 2573 246 2588 0
276 2574 284 2589 ι
338 2574 345 2589 ι
443 2575 450 2590 ι
484 2575 492 2590 ι
527 2576 534 2590 ι
561 2575 568 2591 ι
605 2576 612 2591 ι
645 2575 653 2592 ι
709 2574 717 2591 ο

167 2534 239 2674 iii·
258 2531 481 2693 'pigpssiiggig
497 2536 562 2676 ieet.
576 2536 644 2676 iasii
667 2536 819 2688 irinccssm
841 2616 889 2674 alii
910 2617 998 2676 etiam
1021 2619 1136 2679 mendi-

129 2727 143 2756 ιι
170 2706 266 2758 cantes
287 2697 354 2774 eligi
375 2708 515 2775 possunt,
529 2700 567 2758 ob
584 2700 890 2760 communicationem.
906 2699 1019 2759 Debent
1039 2711 1137 2763 tamen

129 2812 143 2840 ιι
169 2778 229 2843 tam
251 2781 303 2853 hi,
323 2780 412 2858 quiam
433 2782 481 2841 isti
502 2783 654 2860 specialem
678 2783 714 2842 ad
734 2782 790 2841 hoc
807 2782 915 2841 habere
936 2783 1101 2843 facultatem
1119 2783 1137 2845 a

130 2896 143 2924 ιι
168 2867 228 2927 suis
243 2866 464 2945 superioribus:
479 2866 549 2928 aliis
562 2865 738 2946 dispensatio
751 2867 808 2926 erit
824 2867 904 2926 nulla
915 2887 924 2945 3
936 2868 976 2927 lta
988 2869 1074 2929 duct.
1084 2874 1134 2928 cit.

128 2979 142 3007 ιι
168 2955 204 3012 Et
222 2960 300 3028 patet
319 2969 356 3009 ex
376 2950 472 3010 dictis.
1086 3017 1091 3025 ,

173 3059 187 3088 ιι
207 3037 236 3096 5.
249 3035 401 3095 Conlessoc
413 3034 500 3095 debet
516 3037 555 3095 ita
570 3035 738 3094 examinare
749 3032 940 3112 poenitentem
951 3078 959 3104 ,
971 3043 1005 3094 ut
1016 3050 1136 3112 cognos-

128 3147 142 3174 ιι
167 3127 286 3189 cat,<ct
308 3118 429 3196 quidem
452 3119 611 3188 distincte,
632 3119 736 3178 merita
758 3135 869 3186 cauam,
892 3119 1039 3194 possitque
1059 3119 1136 3176 inter

129 3230 143 3258 ιι
167 3223 200 3264 ea
214 3203 397 3264 discernere:
412 3203 478 3262 idcir
496 3206 576 3263 enim
588 3204 758 3262 inscribitur
769 3202 833 3261 ciro
846 3199 976 3261 discreto.
990 3200 1136 3277 Praecipue

129 3313 142 3340 ιι
166 3296 266 3346 autem
286 3287 374 3346 debet
390 3286 561 3363 inquirere,
582 3304 619 3345 an
642 3304 741 3364 preces
760 3286 893 3344 nitantur
913 3285 1052 3353 veritate,
1067 3287 1136 3360 quin

129 3396 143 3423 ιι
167 3371 259 3445 gratia
271 3387 332 3427 non
345 3362 516 3429 conceditur
526 3369 716 3446 simpliciter,
729 3368 780 3428 sed
793 3368 848 3427 sub
862 3367 1042 3439 conditione,
1056 3367 1136 3426 ideo-

131 3478 145 3505 ιι
169 3470 227 3528 que
247 3453 323 3511 solet
343 3452 412 3511 addi
434 3453 585 3512 clausula:
606 3451 758 3526 Quoteaaia
777 3451 805 3512 ai
823 3452 867 3512 ito
883 3459 949 3511 eat:
966 3451 1029 3525 vel,
1049 3451 1077 3510 ai
1094 3453 1137 3509 tto

130 3561 144 3590 ιι
167 3535 553 3616 esserepereria.VideAuct.
568 3536 633 3596 cit.»
650 3534 777 3613 (Videde
789 3531 949 3595 croccant.
960 3535 989 3594 o.
1002 3536 1136 3607 rtllbl.)

172 3622 234 3680 ab.
258 3621 305 3691 is,
325 3618 377 3697 qui
398 3619 645 3699 dispensationem
660 3619 750 3696 petit,
771 3618 857 3678 debet
877 3618 1025 3678 executori
1047 3617 1082 3676 od
1104 3617 1134 3676 id
