2617 4192
305 251 943 344 Cap.t.t2uidamasieatiaotqealrpleet
1085 254 1110 321 Ι’7

98 361 219 435 otium,
244 377 281 422 ex
304 376 364 437 quo
385 354 463 435 saepe
488 375 570 418 mens
595 357 732 419 inanibus
748 357 1029 438 apprehensionibus
1053 363 1110 424 im·

99 449 213 528 pietur.
226 447 303 521 stu
321 443 463 504 instanter
473 441 535 503 Deo
552 459 583 503 se
598 440 783 503 commendet
794 444 852 519 ,ed
872 463 959 527 opem
975 445 1110 509 obtinen-

98 534 171 596 dam
185 529 307 612 parendi
320 527 471 606 preceptis
490 526 534 586 sui
549 526 720 601 directoris;
738 525 795 599 hoc
809 529 890 599 enim
913 532 1111 609 superomnia

100 619 302 700 precipuum,
319 609 380 672 imo
403 611 524 671 unicum
552 618 648 689 potest
671 610 729 675 dici
753 612 918 675 remedium
943 612 1110 692 hujusmodi

100 703 291 766 intirmorum
314 694 530 766 esconium
554 700 736 777 acquiescere
757 697 868 776 judicio
889 701 934 761 sui
954 700 1112 778 superioris

3 804 4 807 ’
100 787 164 847 sive
178 782 360 854 confessarii,
384 789 417 842 ut
437 799 539 845 omnes
559 780 666 851 docent
688 790 802 860 patres,
827 780 976 861 theologi,
996 791 1027 844 et
1052 785 1112 864 spi.

100 870 222 934 rituales
237 867 381 946 magistri.
394 865 565 926 Hincvaldi
578 865 710 944 proderit
721 864 759 926 ad
773 865 914 928 sedandas
924 867 1113 937 conscientias

3 976 5 1025 t
101 954 249 1033 scrupulis
261 953 402 1030 agitatas,
417 959 452 1011 ut
465 949 655 1011 consenserim
666 950 709 1011 eis
721 959 790 1010 ante
802 953 900 1015 oculos
917 959 1044 1030 exponat
1062 949 1113 1012 lias

3 1050 5 1095 t
102 1039 243 1119 egregias¹
261 1036 425 1114 sapientum
449 1035 655 1105 auctoritates,
679 1053 751 1113 quas
775 1033 823 1095 hie
854 1036 959 1103 subdo.
992 1032 1113 1098 Natalis

3 1144 5 1169 t
101 1119 289 1195 Alexander,
307 1114 403 1180 Tlseol.
414 1116 510 1199 dopna.
525 1136 600 1180 neor.
610 1113 631 1177 l.
643 1121 672 1183 5,.
688 1137 713 1179 1.
727 1121 757 1179 t.
768 1138 796 1179 r.
814 1120 843 1178 1.
854 1119 946 1179 dicit:
962 1116 1047 1195 Quod
1057 1137 1114 1180 au-

104 1216 161 1270 tem
174 1202 308 1287 scrupuli
314 1204 414 1284 sperni
425 1202 562 1278 deleant,
578 1201 724 1264 accedente
740 1201 1113 1285 prudentia,piidoctiq1ee

102 1288 370 1372 directorisjadicio
378 1335 388 1366 ,
402 1299 429 1351 et
442 1298 546 1351 caretro
557 1286 623 1350 illos
639 1290 679 1350 sit
695 1289 841 1371 apeadurn
849 1334 859 1365 ,
874 1297 988 1352 constat
997 1308 1033 1350 ec
1045 1309 1110 1371 cap.

102 1378 310 1458 Inquisitioni,
332 1374 368 1436 de
388 1384 461 1437 sent.
484 1393 545 1435 ece.
567 1375 619 1437 ubi
632 1373 764 1435 dicitur.-
782 1372 866 1450 Quod
881 1375 910 1437 a·
924 1375 991 1456 quis
1014 1383 1112 1437 auam

99 1462 189 1525 lrabet
203 1462 407 1524 remeantium
418 1479 455 1521 ec
473 1455 642 1521 credulitate
660 1456 764 1519 1111...
778 1458 817 1519 ad
838 1461 887 1520 sui
902 1460 1030 1541 pastoris
1044 1477 1112 1523 aaa·

32 1580 36 1591 =
101 1544 203 1608 silium
215 1544 291 1606 liciti
301 1554 394 1625 potest
405 1564 500 1625 apere.
510 1542 711 1605 id'confirmat
722 1544 754 1604 S.
769 1545 937 1605 Antoninus
948 1563 985 1604 ex
997 1547 1112 1607 leonae

51 1658 59 1671 2
103 1632 249 1705 Gereone,
271 1632 324 1706 qui
341 1629 453 1705 (Tuast.
467 1627 502 1689 dc
521 1646 652 1708 praepar.
674 1626 714 1689 ad
736 1628 831 1705 11111.)
852 1629 893 1688 sie
914 1628 1035 1689 scribite
1054 1628 1116 1706 Qui

101 1721 237 1775 retroeunt
256 1712 368 1774 credere
395 1715 581 1793 superiorum
598 1721 627 1772 et
644 1711 827 1792 prudentum
847 1711 968 1775 consilia
985 1710 1025 1773 ad
1042 1713 1113 1775 tales
1135 1772 1138 1779 .

101 1796 257 1877 semipulos
276 1796 475 1876 deponendos,
498 1804 526 1856 et
551 1795 810 1877 opendumcontro
826 1816 891 1872 eos,
914 1807 1017 1859 errant
1034 1798 1113 1859 mul-

101 1879 253 1962 tipliciter.
267 1880 461 1959 Deripiuntur
472 1881 505 1943 in
518 1879 569 1940 loc
581 1878 668 1943 multi
678 1900 714 1941 es
727 1880 924 1962 simplicibus,
936 1880 1113 1964 distinpuere

104 1965 261 2024 nescientes
284 1963 364 2022 inter
385 1982 421 2023 ca
437 1981 503 2045 que
521 1965 618 2045 portio
638 1968 746 2028 citima
768 1966 920 2045 superior,
945 1974 974 2029 et
992 1985 1027 2028 ea
1047 1989 1113 2049 que

101 2046 231 2127 inferior
240 2047 358 2128 patitur
371 2046 478 2127 absque
497 2047 657 2126 superioris
682 2068 814 2110 assensu.
839 2051 913 2111 Hinc
926 2052 1011 2117 affert
1036 2055 1110 2118 illud

101 2135 143 2194 B.
161 2128 329 2206 Bernardi,
355 2132 405 2209 qui
419 2130 493 2191 dixit
511 2132 784 2209 discipuiocuidam
804 2139 991 2221 scrupuloso:
1012 2137 1110 2216 Vade,

102 2225 132 2278 et
147 2217 181 2277 in
198 2214 257 2296 fide
277 2234 343 2276 ntea
363 2212 491 2283 celebres.
514 2217 553 2276 st
573 2216 650 2276 dicet
675 2218 799 2297 aliquis,
812 2223 927 2288 utinam
947 2233 1020 2285 esset
1037 2223 1112 2286 milii

101 2298 340 2362 &Bernardust
360 2319 440 2360 nunc
464 2298 557 2377 veri,
581 2302 653 2367 dum
680 2309 840 2388 superioris
858 2310 916 2371 mei
935 2311 1111 2371 mediocrem

102 2384 272 2462 sapientiam
289 2385 432 2463 inspicio,
448 2404 509 2446 non
531 2387 627 2451 audeo
638 2384 684 2453 iili
697 2394 902 2455 conscientiam
919 2415 1015 2456 meam
1031 2415 1112 2458 com·

103 2469 229 2564 mittere.
248 2469 413 2548 Respondet
437 2468 708 2557 &domnionem
732 2479 834 2539 eodem
862 2483 1009 2542 Gereone:
1024 2480 1112 2554 Quis·

102 2552 231 2691 possita
253 2553 343 2627 dicis,
370 2571 453 2614 erras
472 2575 483 2633 ς
504 2559 658 2620 nonenim
679 2562 850 2623 cornmisisti
872 2570 897 2622 te
920 2563 954 2623 in
975 2559 1112 2622 aeonibus

123 2634 244 2730 aurinis,
257 2634 330 2717 quia
343 2633 506 2714 litteratus,
520 2642 592 2722 qnia
602 2644 672 2722 pius
688 2652 739 2704 etc.
747 2689 755 2719 ,
767 2643 818 2705 sed
830 2645 903 2724 puio
913 2645 966 2705 titi
976 2653 1019 2706 est
1034 2661 1111 2722 prte-

101 2724 223 2791 yrontue.
233 2721 428 2794 Quamobrem
439 2721 554 2784 obedies
564 2722 625 2801 illi,
637 2745 700 2789 raon
709 2726 879 2801 utlmnini,
893 2726 943 2788 sed
951 2736 986 2787 nt
998 2730 1110 2791 Deo...

106 2798 214 2861 Cauros
226 2802 266 2864 ad
280 2814 455 2885 extremum,
470 2826 506 2867 ne
522 2806 594 2872 dum
605 2811 716 2890 pneris
730 2811 927 2886 securitatem,
942 2811 975 2871 in
993 2829 1111 2891 proceru

103 2902 179 2945 ruas
199 2892 443 2970 prmcipitationis
460 2889 587 2971 foveam.
602 2895 677 2954 ilinc
699 2896 731 2954 S.
748 2893 906 2976 Philippus
924 2898 1033 2956 Nerius
1051 2899 1112 2958 suis

104 2969 314 3047 penitentibus
328 2974 374 3052 (ut
384 2978 418 3036 in
433 2974 684 3057 stratsele.)
703 2981 744 3039 sic
758 2978 853 3056 ajebat
869 3001 876 3039 ε
894 2982 953 3057 Qui
973 2980 1111 3062 proficere

102 3052 138 3113 in
148 3054 200 3113 aia
211 3056 270 3113 Dei
281 3058 416 3136 eripiunt,
431 3058 605 3122 salnaittant
617 3081 647 3123 se
668 3061 847 3141 confessario
864 3062 963 3139 docto,
981 3064 1030 3125 cui
1048 3065 1111 3126 obe·

102 3132 234 3198 diantut
247 3141 320 3198 Deo.
337 3142 396 3216 Qui
406 3144 450 3202 ita
463 3152 620 3224 operatur,
635 3146 671 3227 fit
681 3164 799 3207 securus
813 3145 991 3208 dreddeada
999 3150 1112 3209 ratione

100 3230 276 3291 cunctarum
292 3224 438 3293 actionum
458 3247 593 3295 suarum
612 3230 733 3292 Dicebat
758 3233 843 3308 item,
859 3230 949 3313 fidem
964 3242 1110 3314 prestan-

99 3303 172 3367 dam
187 3326 247 3377 esse
268 3308 467 3390 confessario,
490 3316 563 3396 quia
583 3317 732 3377 Doaninus
758 3336 825 3379 eum
845 3336 944 3380 errare
958 3338 1019 3381 non
1042 3337 1111 3402 per·

98 3391 203 3488 mittet.
212 3391 301 3454 Nihil
310 3412 369 3456 esse
377 3400 518 3475 securius,
526 3401 616 3479 qudm
628 3402 660 3460 in
671 3401 818 3482 operando
830 3402 975 3466 uoluntati
988 3402 1110 3465 directo-

100 3490 143 3534 rrs
155 3473 369 3557 alterapcrare3
380 3479 511 3562 nihilque
521 3480 733 3563 periculosius,
750 3490 840 3567 qradm
850 3488 991 3570 suiipsius
995 3486 1110 3570 jndicio

97 3571 129 3617 se
144 3555 279 3638 diripere.
291 3564 409 3624 Pariter
422 3564 454 3623 S.
465 3568 572 3625 Frons.
586 3564 715 3628 Salesius
726 3568 851 3647 (lntrcd.
860 3591 926 3653 cap.
935 3573 978 3657 1.)
987 3574 1110 3653 loquens

97 3638 135 3701 de
153 3641 317 3707 directione
334 3647 426 3724 patris
445 3649 623 3727 spiritualis,
637 3652 746 3714 scribit
758 3669 794 3712 ex
818 3662 857 3719 Ρ.
868 3660 984 3721 laeuae
996 3657 1107 3727 Acila.-
