2617 4192
179 227 249 283 cnlit
571 224 781 282 mentions

181 320 263 371 nullis
277 317 363 384 piacet
378 315 519 384 appellare)
534 315 603 370 odeo
619 325 725 370 stream
736 314 929 380 vindicaverat,
944 320 1067 374 lteralcm
1084 322 1184 383 deinde

180 392 296 454 eiusdem
307 392 369 444 lesu
381 391 479 444 coristi
489 391 633 443 doctrinam
646 391 746 442 rerttrs
761 400 814 442 non
829 391 866 442 sit
883 392 1035 456 profligare,
1045 407 1104 449 sese
1114 400 1186 452 Ρη.

178 462 312 516 bablllstls
323 463 488 528 adionpcnsi
498 465 626 516 interes
641 474 702 514 cnm
717 462 794 514 initia
805 462 1010 526 Probabilismi,
1028 478 1080 532 qua
1097 483 1186 534 nome

176 535 372 600 explicamus
390 537 512 595 ratione,
531 537 547 587 i
566 534 669 588 lledina
688 535 831 599 repetenda
852 535 926 597 sint,
946 538 1025 599 paulo
1044 548 1105 604 post
1120 543 1184 594 τῆ.

177 607 314 669 dentiunm
328 603 472 661 Concilium
483 609 537 660 ineo
547 608 632 672 pestis
641 609 730 672 eroplt
740 643 749 668 ,
760 620 813 672 quo
828 607 929 659 scilieet
941 615 1059 673 tempore
1074 613 1181 677 plurimi

180 679 267 733 adhuc
276 680 303 733 in
314 682 381 734 ulnis
396 683 509 746 apellant
520 694 554 732 cx
565 681 601 733 iis
617 680 796 742 doctissimis,
808 693 840 731 ac
853 682 1025 734 sanctissimis
1041 685 1179 748 Patribus,

176 752 223 817 qni
233 752 596 815 conmercationum
606 753 721 817 periidiae
731 752 849 804 uidendae
858 760 886 804 ct
896 754 1047 807 christianis
1057 760 1179 813 morinos

176 824 210 876 od
221 824 371 890 Etanpelll,
382 828 540 890 Patremque
555 826 763 889 Apostolicorum
780 838 897 877 normam
911 827 1095 890 componendis
1110 842 1178 893 ope-

176 907 233 948 ram
244 897 379 950 dedmant.
390 899 480 962 lieqoe
496 906 583 950 tamen
594 898 634 948 nel
651 910 732 949 noum
749 910 783 948 ex
797 898 864 962 ipsis
874 898 1006 961 invenias,
1018 901 1064 963 qui
1079 903 1176 957 mutire

175 981 256 1023 ausos
271 970 351 1022 doerit
363 970 488 1039 advorsos
503 983 595 1023 noram
612 971 727 1029 hancce,
740 981 799 1033 que
818 970 945 1021 malornm
957 974 1073 1025 omnium
1090 975 1179 1026 eodu-

175 1042 243 1094 uicm
260 1041 289 1094 iu
304 1044 477 1095 Christianam
489 1043 685 1107 liempnblieam
696 1043 804 1105 intulit,
815 1042 1002 1097 Probabillsmi
1020 1046 1178 1101 doctrinam.

174 1114 238 1178 Quis
254 1128 346 1169 eorum
363 1123 439 1168 artus
453 1116 588 1180 occupauit
604 1123 709 1179 stupor,
719 1122 750 1167 ut
767 1115 857 1166 studio
876 1116 947 1167 omni
966 1129 1019 1169 oon
1035 1120 1179 1173 contende*-

173 1195 234 1240 rent
241 1194 315 1242 lanto
325 1189 394 1241 malo
403 1188 557 1242 occanere?
568 1189 638 1240 idem
647 1189 747 1240 dictum
757 1196 815 1239 celo
826 1187 860 1239 de
868 1186 1011 1241 sorbonico
1020 1189 1179 1254 suadenda,-

175 1260 208 1313 do
219 1261 373 1314 Lonanlcnsi
388 1262 559 1313 Universitate
570 1297 578 1322 ,
590 1262 624 1312 de
639 1261 795 1325 Episcopis,
810 1259 845 1312 de
862 1260 1017 1313 Ductoribus
1033 1264 1175 1323 omnibus,

174 1333 262 1398 quiea
271 1340 348 1385 atsto
369 1334 593 1386 Probabilismom·
602 1334 656 1385 silai
668 1333 829 1398 sequendum
844 1332 951 1384 duxere.
968 1334 1083 1385 Fuerunt
1095 1337 1129 1388 n's
1145 1335 1176 1387 hi

152 1460 155 1465 Α
173 1417 265 1459 omncs
281 1407 298 1458 i
313 1406 366 1458 ileo
386 1408 500 1458 meato
516 1407 647 1471 perculsi,
664 1413 695 1458 ut
709 1406 777 1457 lrcut
796 1406 823 1456 lo
839 1403 1082 1459 adinventionibus
1097 1405 1177 1461 tuit?

173 1486 201 1530 et
216 1479 320 1544 apmios
336 1478 405 1531 lacto
421 1479 562 1532 linelcslam
580 1488 661 1543 pravo*
672 1478 790 1530 doctrinm
805 1476 957 1529 indicerent?
968 1480 1057 1545 tpape
1074 1493 1176 1545 num,

173 1562 232 1616 quar
247 1563 350 1604 emnem
364 1551 442 1604 tidem
462 1559 594 1614 superant.
612 1551 644 1602 lit
657 1563 718 1603 uero
732 1550 878 1602 mirandum
894 1550 922 1600 id
941 1552 1028 1604 mlnns
1045 1560 1130 1617 esset,
1148 1555 1175 1604 sl

171 1623 228 1676 inec
243 1624 427 1677 Probabilismi
439 1623 556 1675 doctrina
566 1661 574 1686 ,
586 1631 631 1676 aut
642 1636 736 1675 arcam
748 1624 871 1687 qrnopiam
883 1623 1007 1684 consilio,
1023 1630 1069 1675 ant
1081 1631 1175 1688 aperta

171 1709 221 1750 seo
230 1697 397 1759 schismatis,
412 1710 459 1748 seo
475 1709 606 1748 armorum
617 1695 662 1756 ni,
678 1696 818 1748 autetiam
833 1694 932 1746 diaboii
944 1695 1084 1759 praestiplis
1094 1697 1176 1749 schc-

73 1762 86 1786 ⁰
171 1769 213 1821 las
228 1782 335 1832 omnes,
354 1777 382 1822 ct
397 1770 548 1821 Academias
566 1769 733 1821 obtinuisset.
755 1769 789 1820 tt
808 1768 917 1820 ridicula
936 1768 1027 1818 isthec
1042 1775 1123 1829 sunt,
1144 1778 1174 1822 et

172 1843 340 1895 delirantium
352 1843 463 1893 somnia.
473 1841 614 1905 deputares
624 1876 632 1902 ,
644 1840 809 1905 Presbyteri,
820 1839 941 1904 Episcopi
958 1839 1084 1891 doctrinae
1102 1854 1173 1904 prm-

171 1917 285 1976 stantia,
304 1915 402 1978 ingenii
421 1915 494 1974 acic,
512 1926 613 1966 morum
634 1915 772 1965 sanctitate
793 1912 944 1976 conspicui,
965 1913 1060 1977 dupli,
1082 1913 1172 1973 Galli,

170 1986 295 2052 liispaol,
315 1988 456 2047 Germani,
476 1988 552 2047 ltali,
576 1987 642 2039 neon
665 1986 747 2057 bonel
765 1997 843 2048 qoam
863 1985 933 2036 inter
950 1997 1010 2037 sese
1031 1987 1170 2049 moribus,

171 2068 250 2125 atqoe
273 2059 362 2112 indole
383 2061 581 2123 discrepantes,
604 2058 804 2121 mneostioianl,
826 2056 1009 2117 dominicani,
1031 2057 1170 2121 scotista,

169 2134 290 2192 lesuitae,
302 2132 390 2183 studio
405 2145 512 2183 suanum
521 2131 667 2185 scholarum
679 2131 707 2180 ln
718 2130 847 2183 contraria
860 2122 1169 2194 communicantibus,
1273 2143 1275 2147 ’

170 2205 269 2256 mollins
281 2205 417 2267 tussibus.
431 2204 529 2255 nullius
546 2203 678 2255 neoedciis
693 2203 721 2253 in
739 2203 806 2254 banc
824 2202 980 2254 sententiam
995 2214 1172 2266 consensere,

169 2285 248 2341 atque
259 2284 289 2328 ot
302 2277 335 2328 dc
352 2277 544 2336 llominlcanls,
559 2283 587 2328 et
602 2275 710 2329 lesoitis
724 2275 824 2340 aliquid
842 2274 944 2335 dicam,
961 2288 995 2326 cc
1006 2275 1046 2325 nei
1057 2277 1174 2332 maxime

169 2357 298 2413 tempore,
310 2348 381 2413 quod
389 2349 424 2399 eb
435 2349 558 2410 dissidia,
568 2348 823 2412 controversiamque
832 2346 865 2398 de
876 2344 994 2398 oscillis
1005 2347 1172 2410 aptissimam

169 2421 377 2473 accusationibus
393 2421 540 2472 uidebatur.
559 2420 625 2483 Quid
643 2422 899 2483 mirabilius,atqne
915 2418 950 2471 ad
967 2419 1135 2473 auertendam
1153 2424 1170 2475 d

168 2492 745 2548 Probabilismolaxitatlsnotameiilcaclusi
996 2528 1000 2536 ,

200 2568 254 2632 deo
269 2568 341 2630 lam,
351 2566 550 2618 sanctissimum
569 2566 602 2618 dc
619 2563 802 2619 mohabitistis
817 2561 938 2614 Ecclede
953 2561 1083 2626 iodicium
1103 2576 1171 2618 coo·

169 2640 322 2694 sidercmus.
334 2638 464 2690 liomsoos
480 2638 745 2704 testimomonium
757 2635 900 2702 pascendas
910 2648 972 2687 ones
981 2636 1170 2703 soastradidit

168 2713 302 2773 codam,
319 2712 366 2776 qni
382 2712 471 2769 credat
486 2722 520 2764 eo
535 2722 582 2764 sen
602 2711 745 2770 socordiae,
760 2722 810 2762 scu
826 2707 950 2772 nequius
967 2707 1120 2772 deuenisse,
1139 2718 1170 2762 ot

167 2794 268 2840 tantum
279 2786 351 2836 uiros
362 2787 378 2837 a
389 2785 593 2839 christianarum
610 2786 699 2837 onium
714 2782 818 2848 pascois
834 2781 946 2839 euellere
963 2780 1108 2845 negligant,
1119 2790 1169 2834 ant

167 2859 248 2911 ellam
269 2857 370 2917 nolint,
387 2856 440 2908 oisi
460 2858 560 2922 optimo
581 2858 775 2919 intelligerent,
791 2852 857 2905 nihil
876 2852 984 2905 omnino
1004 2854 1020 2903 d
1038 2852 1170 2905 Probabi·
1227 2866 1228 2869 ¹

166 2932 287 2984 liniarum
302 2929 426 2989 doctrina.
437 2929 600 2981 timendoml
619 2929 755 2989 Proiecto,
771 2925 902 2993 quidquid
917 2923 1032 2988 panium
1042 2924 1169 2989 loquaces

167 3003 250 3067 aliqui
271 3001 523 3065 tnttpronaollistae,
543 3002 761 3054 Probabillsmnm
781 3000 815 3050 lis
835 2998 928 3049 saltem
947 2996 1044 3048 tinibus
1060 2996 1168 3049 concin-

166 3084 244 3137 sum,
269 3086 336 3138 qnos
358 3075 410 3137 ipsi
435 3082 550 3127 statuere
571 3075 729 3127 lesnlturorn
752 3072 893 3136 primorcs3
909 3081 1041 3132 nunqnam
1065 3068 1169 3133 impro-

166 3149 263 3200 barunt
278 3146 424 3199 Pontifices.
446 3148 615 3209 Quandonam
631 3147 721 3199 dixere
741 3146 769 3195 hi
789 3159 797 3194 t
817 3141 909 3194 inum
925 3146 951 3192 ct
965 3136 1085 3206 Spiritui
1094 3153 1169 3192 ›tsn-

166 3225 226 3279 cto,
238 3222 265 3271 ct
275 3216 371 3278 ncdm,
382 3219 415 3270 in
425 3231 563 3272 concam
578 3217 700 3273 deorsus
709 3214 873 3284 opinionum
884 3227 947 3265 cerr
959 3209 1167 3279 probabilium,

164 3289 380 3362 pcndnls'liomu
392 3289 558 3344 sententiam
572 3288 740 3357 acpccndons
753 3301 826 3347 cccc,
841 3286 885 3339 nti
900 3284 1050 3345 Merenda,
1067 3288 1094 3337 ct
1107 3287 1167 3337 Fa·

165 3375 279 3432 ponnus
296 3362 429 3424 docum,
450 3369 534 3430 eipso
552 3363 621 3417 odeo
641 3375 747 3428 temper
764 3374 830 3415 cont
846 3355 1083 3425 amplectendam,
1104 3369 1168 3423 pute

165 3435 297 3487 adversus
314 3431 467 3486 lidmtotcm
485 3434 539 3502 leci
550 3435 687 3501 [occano
704 3432 857 3493 laticem,
868 3435 900 3486 nt
911 3425 1070 3486 resciatis,
1082 3430 1165 3480 Wro-

164 3504 422 3561 sententiatum
436 3506 809 3561 stranoderecnttttitttsi
827 3505 864 3570 ita
884 3503 989 3557 disertis
1007 3501 1094 3567 vernis
1111 3509 1165 3551 sta-

164 3578 238 3634 tuant
253 3576 407 3635 Portiones,
427 3579 550 3630 inanibus
566 3579 801 3633 declamationibus
819 3589 880 3626 aera
893 3572 1164 3637 terberobnntrninti-

140 3644 348 3715 ‚probabilium
369 3648 463 3707 Quales
481 3662 520 3701 sm
540 3660 616 3715 sunt,
633 3649 960 3714 quionsotitorconcion
976 3644 1006 3695 in
1019 3642 1103 3712 Putes.
1123 3642 1162 3697 cd
