2617 4192
170 197 231 270 m
415 192 480 257 lib·
495 195 525 255 1ο
540 194 637 264 Praei·
649 193 680 262 ¹⁶
689 193 734 258 De
745 192 931 263 millia·

169 297 223 372 iaci
236 296 376 371 saumae
387 294 481 375 plura
500 294 558 364 elie
576 292 689 374 adieci,
710 311 777 373 que
797 291 978 373 magnoperi
994 311 1091 374 meam
1114 313 1183 364 aon-⁴

167 381 294 452 tentiam
310 379 536 444 confirmarunt.

184 463 255 540 ,qu
270 464 397 543 primam
408 470 506 523 autem
519 460 731 539 objectionem,
744 459 824 539 quid
835 460 943 522 suffieit
952 461 1115 544 probabilis
1126 468 1179 527 etsi

170 545 259 610 dubia
279 546 383 624 notitia
401 545 472 623 legis
489 541 526 605 ad
545 544 609 622 ejus
630 545 896 624 promulgationem
907 588 915 616 ‚
926 543 990 621 jam
1007 564 1179 624 responsum

169 640 215 694 est
222 629 311 708 suprl
323 630 355 700 iq
364 630 450 690 allate
459 629 678 700 dissertatione,
687 639 718 689 et
726 626 857 707 proprie.
867 628 913 687 Ad
923 629 1081 690 secundam
1092 631 1176 703 veri,

169 725 200 791 ct
217 715 353 790 tertiam,
367 732 473 793 nempe
491 713 572 792 quid
587 715 636 773 lex
648 714 748 776 divina
764 711 826 789 jam
840 712 877 771 ab
889 720 1001 774 eterno
1014 714 1072 774 iuit
1083 713 1178 776 homi·

169 800 257 872 nitus
274 799 457 879 promulgata
476 797 711 875 promulgatione
728 791 861 869 casuali,
876 804 926 855 aut
945 794 1112 874 essentiali,
1131 814 1177 859 re·
1218 803 1221 809 '

168 882 297 964 spondi,
318 889 348 942 et
370 877 483 941 ostendi
508 899 547 942 er
567 881 740 941 auctoritate
762 881 805 939 D.
827 877 964 955 Thoosae,
987 898 1022 950 ee
1044 881 1176 942 omnium
1213 916 1216 920 ,
1257 877 1282 960 ι’

168 950 391 1045 theologorum,
403 982 477 1042 quos
487 962 621 1042 diligenti
635 963 734 1024 studio
748 962 925 1041 perquisivi,
935 963 1031 1042 legem
1047 963 1176 1036 divinam

169 1051 251 1110 nullo
270 1049 360 1110 modo
380 1043 515 1108 homines
539 1048 746 1118 obstrinxisse,
765 1045 821 1104 nisi
845 1055 1002 1124 postquam
1026 1048 1175 1129 actualiter

169 1135 211 1196 eis
228 1134 411 1213 promulgata
425 1140 455 1191 et
468 1132 649 1192 manifestata
661 1131 727 1192 suit.
737 1133 783 1208 lin
794 1130 884 1189 verba
896 1132 928 1191 S.
939 1131 1057 1196 Thomu
1068 1176 1076 1203 ‚
1088 1151 1175 1210 quern

167 1203 309 1279 flotarius
324 1213 445 1276 omnini
462 1215 545 1291 sequi
567 1214 725 1292 profitetur
744 1213 786 1293 (in
800 1210 855 1274 halo
868 1222 966 1273 tamen
984 1232 1017 1273 re
1033 1223 1084 1274 aut
1097 1216 1175 1282 nolle

168 1301 271 1377 sequi,
294 1308 345 1362 aut
364 1298 528 1375 intelligere
552 1299 631 1376 nolle
651 1296 791 1368 videtur,
812 1296 886 1374 dum
909 1299 940 1357 S.
960 1300 1068 1372 Doctor
1087 1300 1175 1360 nimis

168 1378 286 1468 aperti,
303 1388 333 1440 et
349 1379 484 1462 pluribus
501 1382 534 1440 in
553 1377 624 1441 locis
643 1389 775 1450 nostram
795 1377 968 1456 senteutiam
984 1381 1079 1456 dooet)
1090 1402 1099 1444 s
1112 1384 1175 1442 Lea

167 1471 278 1530 caterua
295 1455 383 1546 labet
394 1460 659 1545 promulgationem
671 1471 810 1548 aeteruum
829 1482 865 1523 ee
879 1472 961 1543 parte
971 1463 1028 1524 Dei
1040 1462 1175 1542 proanul-

165 1543 304 1630 q'uutis...
314 1544 366 1612 secl
375 1563 412 1606 eac
426 1555 514 1626 parte
525 1553 667 1608 creaturae
682 1544 846 1622 audieatis,
860 1555 915 1606 out
925 1545 1101 1626 inspicientis
1112 1563 1174 1608 stou

165 1636 259 1716 potest
278 1646 337 1691 ease
354 1619 555 1711 ‘promulqutio
571 1625 735 1690 etormet.
753 1630 783 1689 2.
797 1647 828 1710 q.
843 1630 893 1689 91.
910 1649 941 1692 a.
955 1631 984 1688 t.
998 1628 1037 1689 aa
1053 1632 1084 1689 2.
1097 1631 1173 1711 Ergo

167 1716 249 1778 nulle
266 1713 324 1776 diei
335 1723 432 1793 potest
443 1715 516 1779 laeta
526 1712 641 1778 homini
654 1713 763 1773 divinae
774 1713 847 1789 legis
857 1714 1072 1792 promulgatio,
1083 1713 1174 1776 donee

166 1787 257 1860 homo
276 1815 337 1858 non
355 1795 438 1858 audit
454 1797 566 1877 legem,
578 1805 608 1856 et
628 1796 765 1878 inspicit,
777 1796 886 1856 seilicet
899 1797 992 1857 donee
1004 1798 1051 1856 lex
1063 1798 1090 1857 ei
1104 1798 1172 1858 inti·

168 1892 282 1954 metur,
297 1888 327 1944 et
339 1881 395 1960 ipsi
407 1882 574 1943 innotescit.
584 1880 693 1943 Omnes
704 1888 803 1946 autem
813 1880 921 1957 reliqui
933 1880 1062 1959 theologi
1074 1882 1107 1943 S.
1119 1881 1171 1943 rt.

166 1973 320 2046 sequentes
340 1983 402 2025 uno
425 1983 477 2025 ore
496 1965 621 2034 docent,
645 1962 726 2042 quid¹
746 1962 815 2025 licta
832 1964 879 2023 lex
891 1964 992 2032 divina
1009 1965 1047 2024 ab
1066 1974 1171 2031 aeterno

166 2045 303 2114 habuerit
321 2043 352 2108 in
374 2066 406 2107 se
424 2050 565 2116 virtutem
583 2047 732 2125 obligandi
754 2049 787 2122 in
810 2057 875 2114 ectu
892 2049 1007 2126 primo,
1027 2051 1171 2111 tamenin

165 2142 232 2198 ectu
257 2129 384 2208 securim
399 2141 570 2209 'numquam
596 2130 658 2209 ipsa
683 2131 835 2200 actualiter
858 2131 1000 2211 obligavit
1020 2132 1169 2207 homines,

165 2216 222 2277 nisi
238 2209 394 2291 postquam
413 2212 483 2290 ipsis
498 2215 641 2292 applicata
658 2216 716 2276 luit
728 2234 783 2295 per
801 2214 864 2292 ejus
882 2217 1025 2277 actualem
1042 2218 1172 2296 promul·

164 2287 323 2377 gatiopem.
337 2292 455 2375 Sylvius
473 2297 513 2368 ita
529 2298 651 2368 scribit:
666 2298 829 2368 Actualitcc¹
849 2308 917 2361 tune
932 2302 1002 2379 (lex)
1016 2301 1171 2383 uaticuique

164 2371 386 2463 piomaciqotui·,
406 2375 525 2460 quaudo
543 2380 739 2461 coguitionem
756 2384 851 2454 ciDeo
873 2383 980 2465 accipit
995 2384 1169 2461 dictantem,

165 2461 238 2550 quid
248 2462 341 2548 juxta
357 2470 464 2523 rectum
486 2462 629 2525 rationem
645 2464 687 2526 sit
703 2464 951 2548 amplectentium,
966 2468 1041 2551 quid
1053 2467 1171 2551 fugien-

163 2549 247 2611 dum.
263 2550 303 2616 iu
314 2547 344 2612 1.
358 2548 388 2610 2·
401 2564 431 2628 q.
444 2549 493 2608 90.
507 2566 538 2609 a.
549 2550 578 2608 l.
591 2547 625 2609 iu
635 2547 692 2629 fin.
708 2553 744 2610 lit
762 2550 833 2610 alibi
845 2553 888 2611 ait
898 2554 976 2613 :tea
989 2562 1101 2618 ateriae
1111 2553 1173 2634 fuit

165 2618 203 2714 ei
221 2638 328 2691 elerico
346 2626 394 2691 lca
411 2629 621 2708 ecateriuliter‚
642 2652 704 2694 ocu
719 2632 782 2713 [uit
799 2642 897 2695 touton
918 2634 957 2697 aa
978 2644 1086 2700 eterna
1105 2636 1171 2716 for-

163 2709 297 2789 maliter,
310 2731 362 2775 seu
377 2714 432 2782 sub
446 2714 562 2777 retiouc
574 2713 645 2798 legis
660 2715 816 2778 actualiter
828 2715 986 2798 obligantis
993 2743 1005 2795 ,·
1016 2719 1088 2801 qaaie
1101 2728 1172 2781 tuuc

163 2787 225 2858 uun
240 2793 303 2874 suit
317 2795 443 2859 actualis
452 2807 481 2859 et
490 2797 620 2879 perfeeto
631 2798 842 2881 promulgatio.
853 2803 893 2861 Iu
906 2804 935 2862 l.
948 2803 979 2863 2.
1013 2846 1021 2862 .
1034 2804 1084 2863 91.
1095 2821 1125 2863 a.
1138 2807 1168 2864 l.

163 2877 204 2942 acl
220 2880 250 2939 2.
267 2878 436 2942 Cardiualis
453 2882 542 2954 Gotti.
557 2883 599 2943 sie
610 2881 768 2968 loquiturs
783 2883 831 2946 Art
843 2883 915 2962 hoc,
934 2895 970 2946 ut
989 2822 1036 2954 lex
1056 2887 1090 2947 in
1102 2896 1171 2947 actu

161 2960 285 3024 semotio
314 2960 419 3045 obliqet
431 3007 441 3039 ,
469 2964 632 3045 requiritui
658 2965 791 3047 equidem
817 2965 1108 3049 indispeueabiiiter,
1135 2979 1172 3031 ut

162 3042 289 3107 stabelitis,
297 3044 530 3128 proutulqatioue
546 3058 739 3129 proponatur.
756 3050 854 3115 Theoi.
871 3061 941 3114 tam.
954 3055 984 3113 2.
997 3061 1080 3117 tract.
1094 3056 1123 3116 5.
1134 3054 1170 3115 cie
1245 3095 1248 3101 ·

162 3126 245 3211 leuib-
256 3149 286 3210 q.
300 3134 329 3190 1.
341 3130 410 3192 cut.
425 3134 454 3193 5.
468 3132 495 3213 §.
507 3135 536 3193 5.
549 3154 581 3194 u.
595 3136 645 3214 51.
657 3135 737 3214 litia
756 3136 814 3197 alio
827 3137 891 3198 loco
903 3136 991 3198 dicit:
1004 3136 1050 3200 Ab
1062 3147 1169 3200 ummo

162 3214 221 3291 (lex
234 3212 353 3292 eterna)
364 3213 428 3294 suit
439 3216 473 3277 iu
489 3226 583 3292 moute
594 3218 669 3296 Dei,
684 3222 819 3300 quaenam
835 3239 892 3302 pro
910 3229 1019 3283 ceteruo
1035 3221 1170 3285 umidum

109 3315 115 3322 ·
161 3293 235 3380 liqut
243 3320 256 3374 ,-
276 3296 349 3378 quia
364 3298 497 3361 noudum
516 3299 666 3384 applicata
677 3311 706 3364 et
718 3302 918 3386 promulgata.
938 3308 1034 3366 Trect.
1050 3309 1080 3368 5.
1092 3325 1123 3388 q.
1136 3310 1167 3369 2.
1281 3363 1282 3368 ,

159 3377 230 3442 alul.
245 3381 274 3437 1.
289 3398 322 3438 u.
337 3382 384 3442 15.
398 3384 435 3443 Ρ.
448 3385 542 3445 Gouet
561 3386 682 3446 scribit:
696 3387 800 3467 Legem
815 3396 957 3458 cateruam
975 3386 1088 3468 defectu
1096 3408 1169 3471 pao·
1281 3377 1282 3432 1

159 3475 228 3549 ηιμ,
242 3458 351 3536 alicacia
370 3479 433 3523 uota
450 3466 580 3545 potuisse
598 3465 728 3551 alligare
745 3478 896 3544 creaturus
914 3470 952 3533 ab
971 3469 1170 3534 aureatam

160 3540 225 3636 coc
252 3541 1170 3648 paomultommat,l.·e.,5.Joau5tleaaouserihlttitlattttc
1202 3587 1205 3592 ·
