2617 4192
169 214 228 288 mil
562 217 774 273 bineriationis

167 317 272 364 nostros
288 308 420 374 arguentis
438 308 465 361 in
479 306 526 363 lib.
542 306 632 362 flesoi.
649 303 881 361 contuendus.
904 302 1020 359 uetus.
1039 303 1129 360 eoncl.
1147 302 1175 355 Ξ.

167 380 243 449 quod
258 380 381 449 prinum
400 382 600 449 relinquerunt
619 380 746 434 timoren
761 377 813 433 nei
831 377 864 431 in
883 375 1057 440 bominibus,
1077 372 1177 432 &nde

164 451 312 522 puloilios,
329 457 356 506 et
370 452 519 507 cervicalia
537 451 589 507 sul
606 451 753 527 manibus,
772 456 797 506 ct
818 449 955 518 capitibus
972 464 1069 504 corun
1086 456 1177 519 pone·

165 530 244 587 sent,
256 525 422 580 uideeciiiel
441 526 522 588 dicit,
540 540 575 580 ae
592 526 734 580 orationes
751 538 847 579 coruos
863 523 1048 587 remitterent,
1064 537 1101 579 ac
1115 525 1177 594 spi·

166 597 253 652 miuus
269 597 473 667 ectinquertnt.
489 599 541 653 Sed
559 606 665 664 prestat
681 596 731 651 sub
748 598 852 649 ‘ibone
872 596 973 663 liidymt
991 598 1096 650 nomine
1112 599 1177 649 iati-

166 678 265 725 tantem
286 673 508 726 iielsnebtbonem
530 672 647 726 audire:
673 673 797 723 (inerma
818 670 879 728 est,
902 668 990 732 inquit
1010 667 1176 736 Respublica

168 742 329 797 dirutione
344 741 606 812 Tisoloqastrorunt
623 740 766 794 sententiis
780 740 813 794 ds
827 739 1000 793 conscientia
1011 741 1120 796 rasilem
1130 744 1178 796 in·

61 824 64 827 ·
165 808 389 876 rctmcaliliiul,
401 814 450 869 ubi
463 827 617 881 numquam
628 827 687 868 nou
699 827 735 866 ea
746 811 897 880 quastione
907 812 1022 880 quastio
1035 814 1176 868 nascitur.

166 886 261 941 Fidem
278 887 389 958 lucium
405 885 448 940 uel
460 885 644 953 Bibliopolia,
658 885 707 939 uisi
723 890 836 938 tautum
855 898 1014 937 summarum
1032 884 1083 950 (sie
1100 888 1180 960 cuitu⁸

166 959 298 1027 oncant),
322 963 434 1019 tantam
458 960 707 1012 commentariorum
730 954 757 1010 io
780 966 902 1023 quartum
923 959 1110 1011 sentendsmm
1132 962 1178 1011 est

166 1032 305 1102 reperire,
329 1035 362 1085 ut
380 1043 475 1087 sorum
499 1030 741 1085 nomenclaturam
761 1040 841 1083 nemo
858 1031 950 1098 [acere
970 1029 1067 1098 possit.
1085 1036 1175 1099 etque
1253 1030 1260 1041 “

167 1108 225 1162 isac
240 1102 307 1161 sunt
320 1106 373 1160 iilo
389 1104 626 1160 conscientiam
640 1102 779 1161 enuncia.
798 1102 928 1170 quoiam
940 1100 1008 1155 olim
1021 1103 1177 1172 prudentes·

167 1179 260 1235 caneri
267 1179 355 1248 ,iussit
364 1176 524 1245 Apostolus.
535 1179 627 1244 lisque
638 1175 712 1231 euim
724 1174 786 1229 tella
796 1175 907 1228 ratione
920 1175 1022 1229 certius
1033 1175 1172 1229 curetum

167 1252 304 1314 dediscas,
320 1264 405 1319 quom
418 1248 469 1303 illa
491 1249 553 1317 ipso
570 1248 704 1301 doctrina
720 1261 831 1315 qenere,
846 1260 900 1316 quo
912 1245 973 1300 soto
988 1248 1070 1317 aiunt
1085 1248 1173 1301 ritca·

167 1324 286 1393 toqastri
294 1320 416 1391 [ormari
429 1334 511 1389 posse
525 1320 718 1389 comcbutios.

200 1399 232 1452 ll.
245 1399 301 1450 tion
316 1397 367 1448 alia
385 1396 584 1448 calvinistarum
599 1394 728 1446 sententia
746 1394 806 1447 init.
817 1393 950 1446 Suffleetet
962 1393 996 1446 ud
1012 1395 1041 1447 ld
1059 1394 1172 1448 demon·

168 1471 301 1522 strandum
313 1463 465 1535 Cataloqus
474 1469 525 1521 aut
535 1465 658 1519 recensio
667 1464 859 1520 mantuanos
866 1468 1171 1521 Romanarumaustore

169 1544 244 1595 Petro
256 1542 383 1595 ttotinao.
394 1542 490 1594 Verum
504 1539 627 1592 Ludorioi
642 1539 697 1590 Bait
713 1540 740 1589 in
757 1539 861 1612 Summa
876 1540 1050 1592 monitionum
1062 1543 1127 1593 tom.
1139 1555 1169 1593 ιι.

167 1627 234 1683 paq.
250 1612 319 1667 miii
332 1615 391 1666 eti.
406 1625 480 1681 seqq.
499 1618 584 1664 exstat
602 1613 649 1663 bac
668 1611 701 1663 de
717 1623 746 1663 re
762 1612 892 1663 lucutenta
910 1613 1072 1675 dissertatio,
1090 1625 1169 1678 quam

168 1688 241 1740 neiat
259 1691 295 1741 sit
312 1687 453 1753 preterire.
472 1703 482 1736 r
503 1687 692 1744 itenooatum,
713 1684 815 1749 inquit,
836 1685 875 1735 est
894 1682 1003 1737 Bellum
1019 1686 1074 1749 jum
1093 1693 1170 1737 untes
1196 1692 1199 1697 “

171 1776 182 1809 s
201 1760 343 1812 identidem
360 1759 500 1824 repetitum
511 1758 635 1809 aduersus
644 1758 812 1820 'theologiam
821 1756 943 1808 iiorsiem
956 1756 1170 1821 summistarum,

171 1849 182 1881 ι
204 1845 270 1898 quos
286 1833 419 1885 Gasuistas
432 1831 541 1893 dieunt,
558 1843 606 1882 nec
619 1843 671 1881 non
685 1830 850 1893 gratissimos
864 1829 1171 1895 plerosque'iiteoioqos,
1190 1875 1193 1879 Δ

171 1922 182 1955 s
201 1914 256 1958 tum
270 1915 304 1959 ex
320 1906 454 1969 antiquis,
468 1915 546 1970 quam
563 1917 594 1955 ex
611 1902 759 1963 modernis,
774 1901 820 1965 qul
837 1902 994 1965 questiones
1007 1903 1171 1956 domatibus

171 1978 362 2031 »definierant
390 1979 521 2030 Eximium
544 1976 674 2040 quoddam
697 1972 812 2026 'lationis
835 1987 917 2036 genus
940 1975 1025 2027 visum
1048 1976 1101 2039 iis,
1122 1978 1170 2043 qui

171 2052 391 2116 sumebantur,
413 2061 522 2113 unguem
541 2048 574 2099 de
596 2049 705 2099 minime
725 2060 789 2098 sana
808 2046 925 2098 doctrina
944 2047 972 2098 in
991 2049 1109 2120 moribus
1125 2064 1170 2103 sr-

170 2141 181 2171 ι
201 2131 310 2188 pientes
330 2137 359 2175 se
378 2123 411 2174 de
430 2123 491 2174 tidei
513 2122 615 2173 erratis.
633 2122 714 2184 Quom
733 2129 820 2173 autem
841 2122 939 2172 exitum
959 2122 1080 2176 babuerit
1095 2125 1184 2177 istud¹

170 2212 181 2242 ι
200 2194 297 2247 beilum
307 2196 442 2258 spirituale
453 2230 461 2256 ,
473 2194 634 2257 aperiemus,
646 2207 706 2245 eum
720 2195 792 2245 iliius
807 2193 890 2258 prima
904 2194 1005 2265 initiat
1019 2197 1169 2250 calvinistis

170 2283 181 2313 ι
200 2265 457 2329 deprehenderimus.
469 2267 533 2317 iiam
546 2272 576 2316 nt
591 2266 700 2328 primam
720 2267 793 2318 iliius
807 2266 936 2331 originem
951 2267 1121 2332 attingamus,
1133 2271 1168 2322 ab

169 2353 180 2386 s
199 2336 330 2388 nereum
347 2337 459 2388 maxime
474 2337 638 2396 (ultinistis,
652 2338 721 2390 sicut
737 2340 753 2390 i
770 2339 1108 2404 Ltitberanis,repeteuds,
1120 2345 1166 2408 qui

160 2427 181 2481 ιι
200 2420 233 2461 ex
250 2414 361 2473 qustum
383 2410 495 2460 maxime
515 2409 568 2460 lieo
586 2410 699 2461 odibiles
719 2424 747 2462 se
765 2412 943 2465 reddiderunt.
963 2416 988 2464 i.
1008 2413 1081 2476 Quod
1101 2418 1167 2468 ouiit

169 2500 180 2532 s
200 2493 321 2548 nmquam
342 2481 460 2533 Haeretici
479 2481 654 2533 Hierarobium
675 2483 796 2535 Ecclesiae
814 2484 851 2535 its
869 2484 1068 2548 impugnarunt,
1089 2500 1118 2539 rc
1138 2489 1168 2541 in

170 2572 181 2605 s
200 2563 286 2621 partes
297 2554 438 2606 dilacerare
449 2555 535 2606 eonati
547 2562 617 2605 sunt.
628 2555 653 2606 2.
667 2555 741 2618 Quod
756 2557 822 2607 nulii
838 2568 959 2621 umquam
976 2559 1092 2610 iteretiei
1105 2561 1168 2612 nni-

169 2645 180 2678 s
200 2639 299 2679 versam
316 2627 436 2679 iiaoiesisc
455 2626 641 2688 traditionem,
659 2635 688 2679 ut
708 2629 764 2691 iiii,
783 2630 941 2692 rejecerunt,
958 2637 986 2682 et
1002 2629 1099 2682 erroris
1117 2633 1168 2684 da-

170 2716 181 2749 »
200 2708 359 2752 moruerunt.
371 2700 397 2750 li.
412 2699 480 2751 iiuiii
497 2712 619 2764 umquam
632 2706 675 2750 tot
692 2700 970 2764 bauseseonjuncttm
985 2701 1013 2752 in
1026 2701 1169 2760 Ecclesium

169 2792 180 2825 s
201 2781 401 2837 coacervarunt,
417 2780 447 2826 ut
462 2776 550 2839 potius
560 2775 690 2826 censendi
709 2777 762 2826 sint
776 2777 923 2841 Apossate,
941 2777 1019 2842 quum
1036 2777 1166 2836 lieretici.

168 2862 179 2895 s
198 2848 224 2899 i.
241 2848 311 2898 iiuiii
325 2859 448 2911 umquam
467 2854 506 2898 tot
527 2847 693 2911 dogmatibus
710 2860 828 2912 spurcum
844 2849 930 2900 earnis
946 2849 1095 2902 libertatem
1110 2862 1168 2904 sta-

168 2919 340 2980 sbiiierunt,
362 2925 389 2970 et
409 2918 443 2969 ud
465 2926 570 2981 peccata
592 2920 715 2982 quaeiibet
735 2922 793 2972 sine
812 2929 884 2972 metu
902 2920 996 2984 judieii
1018 2922 1120 2985 divini,
1142 2924 1167 2979 et

168 3008 179 3041 s
199 3004 279 3042 unum
290 2989 451 3042 intideiitatis
461 2998 595 3054 peceatum
610 2992 743 3055 excipias,
757 2992 928 3056 perpetranda
947 2993 1103 3047 induxerunt
1116 2995 1168 3047 bo-

168 3080 179 3110 »
198 3064 282 3114 mines
293 3075 301 3111 ε
313 3076 344 3114 ea
362 3062 459 3127 quippe
477 3062 571 3114 docent
587 3062 619 3113 do
636 3064 681 3115 liei
702 3066 881 3128 providentia,
899 3079 930 3117 ue
947 3066 1074 3130 regimine
1087 3079 1169 3130 snper

169 3151 180 3184 s
199 3134 334 3194 homines,
351 3146 408 3198 qnae
428 3141 529 3186 mentes
543 3147 634 3186 eornm
646 3137 722 3187 vaide
738 3145 918 3201 corrumpunt,
938 3145 965 3188 et
980 3138 1013 3189 ad
1032 3144 1169 3202 peceatum

169 3224 179 3253 ι
199 3206 310 3271 quodvis
330 3208 465 3268 alliciunt;
483 3220 541 3258 cum
562 3220 594 3257 ex
609 3210 700 3259 iulium
719 3211 903 3272 onestrudem,
914 3215 943 3260 et
959 3209 1039 3260 ductu
1050 3210 1170 3265 sationes

166 3294 177 3327 s
197 3290 258 3329 suus
270 3277 397 3340 dirigere,
410 3291 440 3329 ae
450 3291 605 3342 componere
617 3281 769 3332 moliuntur.
782 3280 845 3333 inde
856 3278 897 3332 est
909 3281 979 3345 qnod
992 3280 1059 3344 ipsis
1074 3284 1172 3345 expio·

166 3366 177 3398 s
197 3350 287 3401 batum
307 3350 401 3412 sepius
416 3351 432 3400 a
447 3350 598 3408 Catholicis,
613 3362 703 3402 eoram
725 3353 868 3404 doctrinam
883 3353 997 3403 libertati
1013 3352 1099 3403 camis
1116 3366 1173 3417 pa.

166 3438 177 3471 s
196 3421 334 3489 trocinari,
346 3427 375 3472 et
387 3422 473 3473 taxare
488 3424 661 3474 eonscientiae
672 3425 705 3475 ad
719 3426 843 3490 quaelibet
855 3425 969 3489 flagitia,
979 3438 1040 3478 eum
1054 3424 1165 3485 dieunt.

166 3508 177 3538 s
196 3504 274 3542 nnsm
285 3492 363 3543 iidem
375 3492 439 3543 satis
450 3505 509 3545 esse
523 3494 714 3556 adjustitiam,
729 3508 809 3558 opera
823 3498 949 3549 virtutum
963 3498 1098 3550 meritoria
1111 3510 1170 3554 nois

165 3578 176 3607 ι
196 3573 272 3620 esse,
290 3563 376 3624 legem
391 3570 490 3612 nature
507 3563 646 3616 observatu
661 3569 867 3632 impossibilem,
884 3570 966 3625 Mum
982 3573 1171 3628 necessitstent

166 3647 177 3678 ι
195 3630 296 3682 acubus
310 3632 429 3687 mmsnis
444 3633 592 3699 mucre,
602 3643 653 3687 etc.
