2617 4192
194 270 259 340 tr'rr
506 278 669 335 dissertatio
688 268 897 352 Prolepotrtetru.

198 375 304 439 prne'et
315 382 380 443 aqua
393 388 401 423 ι
415 368 576 433 siclericus,
588 372 654 425 duas
664 371 877 437 quadragesimas
888 389 895 425 ι
908 370 931 425 si
943 370 1070 428 diaconus
1081 412 1089 439 ,
1100 383 1206 443 soplem

198 449 332 501 mensibus
345 462 352 501 :
363 448 387 498 si
397 444 546 513 Presbyter,
558 458 611 497 nno
625 458 703 498 runo.

206 528 211 533 ’
231 520 260 573 Si
274 521 334 584 quis
349 518 423 571 fratri
438 531 485 569 suo
500 530 579 582 quem
597 518 699 579 oderit,
716 517 878 571 reconciliari
897 530 951 570 non
966 519 1041 582 ruit,
1059 521 1156 576 tandiu
1169 524 1203 585 ⁴in

199 602 267 663 pauc
278 596 306 644 et
316 604 383 658 aqua
393 591 573 657 pomoerium
585 598 658 654 oper,
669 590 756 656 quoad
767 591 958 644 reconcilietur.

218 765 269 826 v1.
278 722 408 827 (ἶιιιοιιι
419 728 599 827 Pmnitcntire
611 763 648 827 ud
659 761 800 843 expiando
813 774 930 844 peccota
946 773 1049 830 eontra
1064 776 1183 835 scutum
1214 764 1221 778 '
1286 746 1287 823 l

517 848 696 945 Ιιιιιιιιιιιιιι
712 851 879 914 commisso.

231 1021 260 1074 st
279 1022 362 1076 laicus
376 1023 478 1076 solutus
492 1032 552 1073 cunr
570 1020 677 1072 immina
697 1020 782 1073 soluta
800 1022 986 1086 concubuerit,
1005 1025 1136 1101 poenitens
1154 1027 1205 1080 erit

200 1108 283 1148 annos
294 1103 366 1148 tres:
379 1104 407 1146 er
422 1101 530 1165 qnonto
531 1095 640 1163 sepius,
652 1099 725 1144 tanto
736 1094 827 1157 majori
837 1096 989 1162 prenitentia
1001 1092 1135 1149 officietur

209 1160 302 1219 liuor
314 1168 370 1220 ciro
387 1167 491 1218 conscio
505 1155 648 1227 ruoechr'ta,
666 1166 689 1215 si
708 1164 813 1228 dignam
830 1167 1011 1247 poenirentiam
1027 1169 1126 1232 egerit,
1144 1176 1205 1236 posi

201 1239 291 1291 decem
304 1253 386 1292 nonos
399 1253 497 1290 sacram
508 1239 717 1289 communionem
729 1240 841 1289 sumet(

233 1312 262 1363 sl
279 1313 339 1375 quis
357 1313 493 1373 coniugem
513 1311 638 1361 fornicari
655 1314 831 1370 consenserit,
848 1296 943 1362 diebus
960 1312 1083 1364 omnibus
1098 1314 1186 1365 vilar
1177 1329 1204 1366 nn

201 1384 354 1450 punitentia
365 1385 424 1435 erit
431 1385 476 1435 llir
490 1385 609 1444 solutus,
625 1382 648 1433 si
665 1396 723 1434 cum
738 1383 845 1434 ulterius
862 1397 943 1436 uxore
959 1384 1117 1438 adulterium
1132 1398 1206 1461 donr-

200 1457 302 1507 miserit
311 1454 510 1520 ,poenirentiam
528 1462 587 1525 aget
599 1466 682 1504 annos
698 1462 815 1518 septem:
828 1457 923 1508 mulier
934 1458 1060 1522 quinque.

180 1582 184 1589 Α
231 1529 324 1581 Ιιιίιι
335 1530 420 1581 soluta
431 1541 491 1580 cum
508 1520 615 1579 alterius
632 1525 727 1578 marito
745 1528 902 1580 adulterium
920 1535 1042 1594 patrans,
1054 1530 1204 1596 poenitentin

200 1600 327 1654 adicietur
337 1601 480 1654 decennali.

233 1672 259 1724 Si
274 1676 334 1740 quis
350 1676 459 1733 maritus
476 1673 557 1725 semel
571 1672 661 1738 lapsus
679 1678 737 1734 est,
756 1672 936 1744 poenitentium
956 1681 1016 1741 rget
1033 1687 1116 1728 annos
1134 1676 1205 1744 quiu-

200 1760 270 1815 que
264 1760 271 1776 ·
283 1750 307 1800 si
322 1750 431 1814 sepius,
443 1748 565 1799 omnibns
576 1747 670 1800 diebus
681 1748 739 1796 uilae
751 1758 813 1797 ιιι.

232 1821 260 1872 Si
272 1824 332 1887 quis
347 1836 455 1875 uxorem
470 1822 548 1873 simui
567 1828 595 1872 et
613 1820 786 1872 concubinum
804 1818 940 1884 labuerit,
952 1820 980 1871 in
993 1820 1147 1886 poenitentia
1157 1816 1205 1874 erit

200 1908 282 1947 ιιιιοι
290 1903 392 1961 septem
403 1903 430 1947 et
441 1890 553 1957 amplius
570 1906 618 1957 pro
635 1893 738 1947 natione
759 1891 849 1955 cnlpae.

213 1969 294 2031 -οιι
298 1979 358 2022 cumr
379 1976 469 2022 uxore
478 1978 526 2020 ιιι
539 1967 652 2032 turpiter
666 1965 850 2028 concubuerit,
870 1964 1007 2030 poenitens
1014 1967 1070 2017 erit
1080 1958 1201 2031 quadru-

201 2041 271 2104 pinta
286 2040 352 2090 dies.
619 2070 626 2081 ·

233 2111 261 2160 Sl
272 2113 333 2174 quis
344 2110 493 2162 adolescens
504 2121 563 2160 cum
572 2108 671 2173 virgine
682 2111 839 2172 peccaverit,
849 2109 1031 2177 poeniteutiam
1039 2117 1099 2221 agel
1110 2123 1203 2160 nonum
1286 2098 1287 2159 Ϊ

201 2195 290 2235 unum

171 2255 173 2260 '
230 2248 282 2315 Qui
300 2252 429 2315 puellam,
447 2262 493 2305 ιιι
509 2250 659 2313 mulierem,
680 2252 822 2306 libidinose
840 2252 1042 2328 obtreclarerit:
1058 2254 1206 2307 siclericus

200 2332 242 2377 ιιι
251 2324 466 2389 ,quinquedies;
479 2325 502 2376 si
516 2326 616 2387 laicus,
627 2325 750 2377 tresdies
763 2328 1034 2393 poenirentiamager.
1048 2328 1203 2386 monachus,

199 2399 242 2450 rel
252 2397 394 2459 Sacerdos,
407 2398 579 2451 dminlsterio
592 2411 754 2462 suspensus,
765 2401 895 2477 prenitens
907 2403 959 2452 erit
969 2403 1027 2451 dies
1038 2402 1141 2462 viginti.

234 2468 283 2533 Qui
303 2472 448 2534 corruperit
468 2471 613 2535 uirginem,
635 2481 714 2535 quam
737 2470 829 2535 posr'eu
848 2484 957 2523 uxorem
977 2473 1100 2535 duxerit,
1120 2472 1206 2535 poeni-
1244 2475 1247 2478 ’

199 2544 308 2597 tentiam
320 2550 485 2608 operandum
496 2557 576 2595 unum
587 2554 635 2607 per
649 2544 791 2619 legitimas
790 2543 890 2597 ferias
907 2546 931 2597 si
945 2558 1007 2598 cero
1023 2556 1076 2600 non
1089 2544 1203 2609 duxerit,

201 2631 283 2672 annos
294 2619 361 2671 duos
372 2630 419 2681 per
432 2617 563 2681 legitimas
573 2617 662 2668 leriae.

224 2691 317 2744 Vidua
333 2703 390 2754 quae
407 2698 526 2755 stuprum
543 2690 695 2751 admiserit,
715 2690 898 2753 poenitendam
915 2698 976 2756 aget
990 2700 1086 2743 aunum
1103 2702 1203 2752 nnumt

202 2772 229 2819 ιι
243 2771 367 2831 preterea
380 2764 462 2814 altero
479 2766 547 2813 auito
556 2762 693 2826 perorabit
700 2762 825 2827 legitimis
836 2763 919 2814 ieriis.

234 2834 297 2889 Cum
311 2835 413 2887 duauus
423 2835 557 2889 sororibus
568 2834 727 2897 fornicatus,
742 2835 921 2898 poenitentiam
931 2832 992 2899 aget
1008 2839 1065 2886 tcto
1079 2833 1138 2885 ritae
1153 2845 1204 2885 ιιι
1286 2904 1287 2923 ¹

201 2918 328 2974 tempore.

233 2985 283 3047 Qui
307 2984 434 3035 incestum
455 2979 547 3035 iecerit
571 2975 620 3044 (ιίι
649 2974 769 3030 secundo
792 2976 836 3032 oei
858 2974 939 3032 tertio
961 2977 1054 3045 produ
1078 2978 1157 3043 etc..)
1180 2979 1204 3031 el
1286 2968 1287 2985 i

200 3057 248 3110 ulii
270 3066 397 3108 nouorum
415 3052 572 3114 duodecim,
591 3050 637 3102 ulii
657 3052 827 3116 quindecim,
849 3053 895 3105 alii
917 3052 1006 3137 decem
1026 3051 1204 3116 peonitentiam

201 3131 371 3182 constituunt.

232 3202 383 3264 Quicunque
398 3188 523 3249 Sacerdos
535 3188 696 3259 spiritualem
711 3194 790 3247 liliam
802 3197 952 3261 violaverit,
970 3195 1106 3262 dignitatis
1120 3159 1201 3247 nono

199 3287 256 3328 rem
268 3275 386 3332 amittet,
398 3276 425 3320 et
437 3274 591 3332 perpetuam
603 3269 784 3331 poenitentiam
795 3276 863 3332 aget.

232 3346 292 3409 Qui
298 3343 435 3397 monialem
447 3339 599 3398 uiolauerit,
613 3339 745 3401 poenitens
756 3341 792 3392 sit
803 3343 879 3393 aunis
895 3342 994 3392 decem.
1068 3338 1069 3341 ’

231 3419 369 3486 Presbyter
383 3430 407 3467 ιι
399 3411 614 3464 fornicationem
627 3411 780 3492 admiserit,
797 3425 891 3497 sponte
901 3415 1065 3487 confessus,
1072 3412 1202 3482 poeniten

200 3495 264 3548 tiam
277 3500 336 3556 ager
346 3501 427 3543 annos
438 3487 536 3537 decem

230 3567 282 3627 οιι
293 3576 352 3615 oum
367 3560 453 3614 brutis
470 3557 580 3618 coierit,
598 3559 754 3620 poenitentia
772 3562 898 3615 afficietur
918 3573 1045 3618 annorum
1062 3561 1167 3626 decem,
1177 3568 1203 3617 ιι

151 3650 153 3655 ’
202 3635 361 3689 diuturniori
378 3634 457 3684 ellim
469 3642 516 3691 pro
528 3641 644 3691 persone
654 3632 813 3685 conditione.

233 3705 283 3769 Qui
297 3709 387 3756 contre
402 3708 521 3755 notorem
532 3700 640 3765 coierit3
654 3704 678 3755 si
697 3716 788 3760 ιιιιιιι
807 3713 863 3783 est,
875 3698 962 3774 scopis
977 3704 1163 3771 castrutium
1176 3712 1200 3741 ι·
1241 3706 1244 3713 “
