2617 4192
468 234 481 247 υ
504 200 783 261 Nalm

546 396 742 460 dimili

160 577 314 646 Casuielica
326 573 493 657 theologie
511 575 614 656 oripo,
630 586 819 658 progressura,
836 594 870 642 ac
882 580 959 645 ratio
974 583 1122 648 uniuersa.

171 809 192 865 1.
254 817 450 866 mttttmtttt,
466 799 500 855 de
518 800 615 867 quihus
632 800 772 867 hactenus,
789 802 902 858 nitnalls
918 814 1041 873 praterea
1057 808 1142 875 liber,
1204 806 1209 813 '

136 887 167 935 el
187 879 274 933 codes
295 876 448 938 munuum,
468 873 542 926 tuere
563 876 686 940 precipui
708 876 929 930 confessariorum
948 879 1011 934 iibri
1032 880 1088 939 lere
1108 886 1142 941 ad

134 953 206 1005 xiil.
223 950 361 1012 saeculnm
378 956 408 1001 nt
427 946 573 1005 mirandum
598 946 634 999 sit
656 948 699 999 cui
719 948 879 1012 poeniteutiae
897 950 1089 1006 Sacramentum
1114 957 1142 1009 ln

137 1032 214 1081 tanta
233 1025 358 1076 librorum
379 1021 528 1089 paucitate,
550 1024 629 1084 alque
653 1020 735 1072 etiam
754 1020 950 1089 tmpodoettone
973 1023 1043 1090 (ride
1060 1028 1143 1080 tran·

136 1093 263 1149 cnllninm
275 1093 307 1147 do
318 1093 415 1145 Ponit.
426 1090 472 1145 lib.
485 1091 510 1143 Ξ.
523 1103 547 1143 c.
560 1090 598 1157 8.)
609 1090 688 1143 luerit
704 1105 751 1155 per
764 1096 805 1144 tot
815 1096 907 1147 saecnla
921 1094 1140 1153 administratum.

136 1167 256 1223 labente
266 1172 352 1219 antem
367 1166 431 1219 iiiii.
448 1164 542 1216 saeculo
557 1168 694 1227 coeperunt
704 1165 805 1227 aliquot
823 1168 890 1218 acris
905 1168 1004 1233 ingenii
1015 1170 1064 1222 riri
1079 1183 1142 1223 sen·

135 1241 235 1292 tentias
253 1240 355 1304 Petrum
373 1238 406 1290 ad
424 1235 569 1289 doctrinam
588 1235 650 1287 lidei
670 1236 832 1300 pertinentes
848 1239 926 1302 panio
947 1241 1041 1294 antei
1061 1243 1140 1296 Petro

134 1310 284 1367 benhardo
303 1313 442 1374 collectas,
465 1313 494 1361 st
513 1306 619 1360 ultrum
637 1308 760 1360 similiter
776 1313 919 1364 sententias
940 1308 974 1365 ad
996 1312 1140 1368 doctrinam

134 1395 237 1438 ntorum
256 1387 414 1449 spectantes,
431 1391 595 1449 canonesque
615 1386 643 1431 et
664 1392 789 1444 responsa
807 1383 959 1437 Pontldcum
979 1386 1058 1451 paulo
1078 1395 1140 1441 aute

133 1457 214 1510 ctiam
232 1455 288 1523 ipsa
307 1455 461 1509 adratiaua
480 1454 604 1515 collecta,
625 1452 808 1518 interpretari,
827 1458 975 1521 explicare,
994 1465 1022 1511 et
1040 1443 1137 1513 multas

132 1531 202 1584 circa
224 1538 360 1595 utramque
378 1527 522 1581 doctrinam
540 1526 698 1591 questiones
720 1527 854 1579 subtiliter
872 1526 984 1583 marma.
998 1530 1064 1583 ilinc
1079 1541 1137 1588 orta

53 1610 58 1615 ’
131 1604 273 1668 'theologia
282 1599 470 1663 Scholastica,
482 1611 578 1662 nempe
590 1597 762 1662 disputatrix,
773 1607 801 1651 et
814 1602 975 1666 methodica,
987 1610 1015 1656 et
1027 1604 1138 1659 bonius

133 1676 277 1729 canonico
296 1677 429 1728 &nonum
445 1673 592 1736 interpres,
614 1678 642 1722 et
661 1684 692 1723 cx
713 1678 825 1737 utraque
843 1672 983 1740 theologia
1002 1674 1146 1742 Marciis,

131 1761 180 1799 sen
196 1749 385 1811 casuistarum,
402 1745 450 1811 qut
465 1745 505 1796 sic
523 1743 588 1796 dicti
603 1749 664 1809 post
682 1744 782 1808 aliquot
799 1747 893 1801 saectrla
907 1747 982 1800 inere
992 1784 999 1809 ,
1011 1750 1072 1811 qula
1084 1750 1135 1813 ipsi

130 1808 292 1883 respondent
314 1820 419 1875 casibus
444 1817 629 1879 conscientie,
653 1829 706 1868 non
730 1817 835 1881 quidem
859 1825 887 1869 nt
913 1818 975 1870 olim
996 1820 1135 1886 Episcopi,

132 1891 269 1954 Consilia,
286 1898 313 1945 et
331 1891 483 1951 Pontifices,
501 1900 591 1953 nentpc
609 1896 743 1954 tamqnam
754 1888 875 1939 Ecclesiae
888 1888 1025 1950 Pastores,
1044 1892 1137 1946 docto·

132 1976 230 2028 resque
248 1964 264 2016 d
282 1962 337 2016 lieo
358 1961 509 2019 constituti,
527 1958 574 2014 s'ed
594 1969 623 2013 ut
643 1961 739 2025 priuati
761 1960 917 2027 interpretes
933 1963 1136 2030 seripturarum,

131 2035 236 2101 legunt,
248 2048 390 2100 eorumque
398 2036 528 2099 omniurn,
541 2046 597 2105 qnae
608 2043 654 2086 ant
666 2036 756 2086 Patres
766 2041 916 2098 senserant,
928 2043 973 2087 aut
984 2047 1136 2102 santermt,

130 2120 226 2174 nempe
241 2104 446 2171 sententiarum,
464 2114 491 2160 et
509 2108 682 2159 sanctionum.
703 2108 734 2159 lii
756 2113 851 2172 praeter
869 2111 965 2161 multas
981 2113 1137 2175 questiones

129 2183 243 2235 ntorales
252 2181 364 2235 insertas
376 2182 503 2234 tractibus
518 2180 667 2243 'theologiae
682 2179 881 2247 speculatricla
892 2184 1051 2248 scripserunt
1062 2186 1136 2238 birc-

128 2255 212 2308 cloria
227 2255 345 2320 quaedam
362 2255 603 2313 confessariorum,
622 2253 650 2302 lu
670 2253 766 2315 quibus
784 2255 907 2307 methodo
925 2257 1002 2322 longe
1018 2258 1134 2322 tuellorl,

127 2325 265 2394 iustusque
287 2341 367 2393 quam
393 2328 456 2379 olim
481 2327 558 2378 lieret
581 2326 608 2376 ln
636 2326 735 2377 libellis
758 2328 1002 2391 poeniteutlaiibns,
1028 2338 1134 2398 totaque

126 2410 256 2452 munuum
276 2401 416 2453 collatione
437 2400 523 2465 agitur
543 2398 576 2450 de
599 2397 651 2459 iis,
673 2410 730 2463 que
754 2399 933 2453 crniessartus
957 2403 1023 2455 scire
1044 2403 1133 2459 debet.

127 2472 159 2524 ln
169 2473 222 2527 iliis
236 2475 369 2540 siqnidem
378 2487 431 2526 uon
440 2473 525 2537 solum
540 2470 652 2522 traditur
662 2473 756 2525 modtts
767 2473 960 2540 interrogandi,
973 2477 1132 2542 castigandi,
1194 2532 1196 2535 .

126 2552 155 2596 st
164 2546 315 2598 absoluendi
327 2548 499 2610 poenitentes,
509 2542 557 2595 sed
570 2545 678 2608 singulae
692 2552 779 2609 partes
791 2547 944 2599 sacramenti
958 2549 1131 2611 explicantur,

126 2628 212 2681 eaque
229 2619 298 2672 circa
315 2620 376 2671 illas
391 2619 510 2670 doctrina
528 2617 652 2678 traditur,
670 2628 721 2680 qna
740 2620 944 2682 questionibus,
963 2619 1084 2681 casibus,
1104 2627 1133 2673 et

126 2687 218 2742 dubiis
228 2693 335 2752 saltem,
348 2704 405 2756 quae
417 2691 502 2740 solent
514 2691 540 2740 in
552 2703 584 2741 co
600 2689 658 2740 into
670 2690 780 2753 proponi
791 2726 798 2751 ,
809 2690 886 2741 laclle
902 2690 1082 2753 respondetur.

142 2761 193 2825 ‚lt
203 2763 277 2817 Circa
293 2777 389 2819 unum
408 2763 473 2815 leus
491 2763 577 2815 inruit
594 2761 621 2813 S.
635 2762 802 2826 Raymnndns
818 2762 851 2812 de
871 2761 1013 2813 Penualort
1029 2763 1131 2828 insigne

124 2835 318 2897 praeclarissimi
332 2835 493 2888 llominlcani
509 2834 613 2885 ordinis
629 2844 819 2885 ornamentum.
832 2832 942 2898 Scripsit
953 2834 977 2885 ls
990 2834 1131 2888 Summam

123 2902 159 2957 dc
176 2904 285 2960 ruditu
299 2904 537 2975 poenluullnlt'dtta
554 2907 630 2958 libris
645 2913 758 2970 quatuor
774 2907 1002 2970 comprehensam,
1020 2920 1130 2971 quorum

124 2977 229 3041 primus
246 2978 281 3029 dn
297 2980 409 3044 peccatis
428 2979 553 3031 aduersus
574 2980 665 3031 ileum.
684 2979 710 3031 Ξ.
731 2978 862 3030 aduersus
879 2978 1035 3042 proximum.
1054 2978 1079 3029 d.
1093 2979 1129 3033 lie

124 3048 359 3103 ceclesiasticorum
370 3051 490 3112 delictis,
507 3048 599 3102 oliiciis
609 3086 616 3112 ,
628 3050 777 3114 etjttribns.
790 3052 815 3101 l.
829 3051 865 3099 lie
880 3049 1046 3101 matrimonio
1065 3051 1128 3113 agit.

122 3119 324 3189 S,rlnlonltttts,
335 3125 523 3177 achucenlius
535 3123 725 3174 bellovacensis
740 3134 797 3172 cnm
817 3121 884 3185 saep'e
902 3122 1016 3175 laudant.
1027 3123 1129 3176 Pluries

120 3193 194 3258 typis
214 3206 335 3257 expressa
355 3196 419 3255 luit,
443 3204 472 3247 nt
490 3197 596 3248 Lotanii
618 3196 692 3247 tiso.
711 3195 823 3244 Coloniae
840 3194 914 3247 itti.
937 3195 1045 3246 Parisiis
1062 3197 1127 3248 ledit

120 3278 190 3331 quas
206 3268 336 3323 editiones
352 3270 487 3323 Fabricius
502 3277 621 3326 recenset
642 3271 669 3320 in
691 3268 852 3318 Bibliotheca
868 3267 978 3330 medie,
992 3276 1018 3322 et
1034 3270 1128 3323 indmoe

118 3339 269 3392 latinitatis.
279 3341 335 3394 linc
351 3350 451 3406 spectat
466 3343 604 3395 Alexandri
616 3341 649 3394 de
660 3341 737 3392 linies
751 3342 865 3392 Summo
878 3339 1088 3403 demereretur,
1101 3349 1127 3396 cl

116 3410 336 3465 destructorium
350 3414 500 3477 viliorum,
517 3428 674 3479 quamquam
694 3421 783 3465 contra
798 3412 972 3478 Waddingum
987 3424 1126 3478 utrumqne

115 3497 187 3548 epus
196 3485 344 3539 Alexandro
360 3487 492 3551 abjudicat
508 3500 561 3538 nott
577 3486 774 3538 contemnendis
785 3488 963 3549 argumentis,
981 3500 1012 3538 ac
1024 3488 1124 3549 iuniori

115 3555 245 3620 scriptori
258 3558 353 3610 tribuit
364 3559 477 3610 lacobus
493 3558 583 3620 Qnetil
593 3561 676 3611 Temo
691 3560 712 3609 l.
723 3557 854 3611 heliuth.
865 3557 1123 3614 Dominicnuorttut.

114 3628 233 3756 degessit
242 3630 371 3756 {lucentii
381 3631 571 3707 &baracensis
580 3627 728 3698 speculum
738 3629 853 3685 morale.
864 3633 944 3684 ilulta
959 3633 992 3760 iri
1005 3633 1124 3688 eamdem

169 3714 225 3758 etit.
260 3734 270 3756 ι
