2617 4192
163 294 219 357 crui
557 288 766 346 biennensis
825 305 829 309 ’

165 398 176 426 ι
196 386 279 433 totum
299 391 329 432 so
349 379 424 432 dedit
441 379 628 443 1111111111
647 381 809 440 moralibus,
830 389 856 433 et
873 381 998 444 ossibus,
1018 383 1167 448 11111111-

165 469 175 495 ·
193 464 297 516 queque
310 451 343 503 ad
353 465 412 502 cunr
423 451 596 503 afferebantur
605 488 613 511 ,
622 453 802 513 resolvendis,
811 454 1019 507 resolutionibus
1029 456 1085 518 jam
1095 457 1175 515 datis,

164 542 175 569 ι
193 525 362 589 1111111111,
377 524 520 588 exquibus
536 537 596 576 enm
606 524 738 576 Summam
752 527 894 588 conperit,
913 540 971 591 oue
983 527 1034 578 luit
1044 528 1166 580 ultimum

164 612 175 641 u
192 597 250 660 eins
262 609 346 661 opus,
363 604 390 649 et
408 598 657 662 reliquorumque
670 598 791 662 scripsit,
806 598 883 651 facite
899 600 1066 664 precipuum.

192 699 205 732 n
223 684 270 737 liic
281 686 421 737 observare
437 685 502 736 mibi
517 686 609 746 liceat,
626 685 675 736 bos
692 697 760 748 quos
775 692 893 736 recenset
912 687 937 736 is
950 687 1067 749 luthor,
1084 686 1165 739 alios·

161 772 171 799 ι
190 768 241 821 qne
256 757 360 821 plures,
372 771 439 822 quos
455 769 589 809 recensere
606 763 728 825 poterat,
744 760 815 809 uiros
832 759 1026 820 sanctissimos,
1042 759 1164 810 eosdem·

160 844 170 872 ¹
190 841 242 893 que
252 830 402 890 Cusuistas,
419 837 465 881 111
479 831 598 881 homines
611 829 727 892 privatos
738 828 819 880 luisse
829 866 836 890 ,
848 837 894 881 aut
904 843 981 881 casus
995 832 1160 882 conscientiae

160 916 170 945 ι
190 903 329 954 resolvisse
343 909 483 965 antequam
500 903 533 953 ad
552 902 648 953 lnlolas
667 901 851 964 eueherentur,
870 915 918 953 nec
934 908 1023 953 essent
1033 902 1159 953 declarati

160 990 169 1017 ι
190 973 312 1025 Doctores
331 974 469 1036 Ecclesiae,
487 983 533 1025 aut
549 977 564 1025 1
580 974 749 1026 Pontificibus
759 975 821 1026 bole
831 976 932 1026 moneri
947 974 1091 1026 destinatis
1109 987 1161 1027 nou

158 1064 167 1088 ι
188 1046 271 1108 imur
285 1047 393 1097 dedecet
410 1048 525 1109 priuatos
543 1047 683 1108 Doctores,
696 1053 726 1097 ut
741 1048 834 1098 inscite
849 1047 966 1111 garriunt
981 1047 1062 1110 aliqui
1074 1082 1082 1107 ,
1094 1059 1163 1111 (111ae¹

158 1135 167 1157 τ
186 1118 332 1177 stlembus,
351 1119 493 1182 dubiisque
508 1118 652 1169 moralibus
669 1120 840 1187 respondere3
853 1133 905 1170 nou
921 1120 992 1171 euim
1008 1119 1054 1184 qui
1072 1119 1101 1170 id
1118 1118 1161 1169 11-

157 1207 166 1233 ι
186 1190 272 1250 ciunt,
283 1197 405 1254 arrogent
424 1193 477 1241 sibl
497 1192 596 1241 clavem
613 1191 746 1252 scientie,
763 1198 790 1243 et
806 1192 956 1255 potestatis,
974 1205 1025 1255 qua
1037 1190 1161 1242 fruuntur

156 1278 167 1305 r
185 1261 324 1325 Episcopi,
345 1275 395 1312 nee
413 1267 538 1326 responsa
560 1264 698 1326 prebent,
722 1276 780 1328 quae
800 1265 850 1314 nim
870 1265 938 1325 legis
959 1264 1095 1324 babeant,
1111 1263 1159 1314 sed

155 1333 302 1394 oconsttit,
319 1335 390 1397 qood
412 1347 446 1385 ex
467 1336 566 1397 ingenti
588 1334 724 1397 doctrina,
744 1349 796 1399 qna
818 1335 919 1400 prediti
940 1342 1019 1397 sunt,
1038 1334 1159 1387 authuri-

155 1420 165 1449 »
184 1410 262 1454 tatem
274 1405 366 1466 babet,
379 1410 406 1457 et
419 1407 546 1468 subinde,
560 1419 619 1457 cum
630 1408 727 1459 certior
738 1409 827 1472 regula
839 1407 978 1470 indubiis,
991 1419 1048 1472 quae
1060 1407 1158 1471 passim

155 1475 318 1537 sincidunt,
340 1478 431 1528 baberi
451 1491 502 1529 non
517 1479 627 1541 possit,
651 1480 718 1530 sutis
739 1487 781 1531 est
803 1479 949 1544 dirigendis
971 1478 1157 1543 firmandisquc

153 1565 163 1594 2
183 1548 278 1600 animis
296 1549 413 1601 ildellmn
428 1548 614 1601 dubitantium.
630 1550 696 1601 ilinc
708 1551 830 1616 Episcopi
850 1552 917 1616 ipsi,
937 1563 996 1602 cnm
1016 1550 1156 1613 dubitant,

152 1638 163 1667 ι
182 1621 319 1685 pmotctos
334 1622 458 1673 doctores
468 1624 623 1682 consulunt,
636 1630 783 1674 aureorum
796 1630 920 1675 tractatus
932 1623 1038 1688 legunt,
1049 1636 1156 1675 eorum-

152 1712 162 1741 »
181 1704 233 1759 que
242 1695 361 1747 consitiis
373 1696 549 1760 acquiescunt.
562 1694 614 1747 Sed
628 1696 678 1746 boo
690 1696 777 1747 obiter
789 1707 896 1747 monere
906 1696 963 1759 lpse
975 1694 1055 1746 nolui.

168 1809 195 1857 ,ι
212 1792 268 1846 Art.
282 1793 308 1845 d.
327 1791 421 1844 diuidit
433 1792 524 1845 fideles
539 1792 568 1844 in
581 1799 637 1844 tres
653 1792 763 1853 classes,
783 1792 894 1856 primam
909 1803 1014 1851 eorum,
1032 1791 1156 1855 quisunt

151 1881 162 1913 r
182 1864 209 1915 in
230 1875 354 1930 peccato,
376 1864 446 1918 unde
463 1868 571 1929 nolunt,
590 1872 637 1918 aut
652 1865 751 1916 debent
769 1876 914 1928 emergere;
934 1863 1043 1914 alteram
1063 1876 1156 1915 eorum

152 1953 162 1983 r
182 1937 227 2001 qui
244 1946 306 1990 sunt
323 1939 350 1987 iu
362 1938 444 2002 gratia
454 1974 462 1999 ‚
474 1938 501 1988 in
513 1952 564 2002 qua
582 1951 749 2003 perseuerare
762 1936 874 1996 debeut;
887 1935 990 1986 tertiam
1001 1946 1092 1984 eorum
1108 1936 1155 1998 qni

151 2025 161 2055 n
181 2008 270 2061 uolunt
283 2011 435 2072 suscipere,
448 2017 493 2060 eut
508 2009 658 2061 ministrare
674 2009 852 2070 Sacramenta,
864 2015 892 2058 et
907 2006 949 2057 bis
963 2006 1085 2059 omnibus
1095 2019 1155 2058 esse

150 2098 160 2125 u
179 2079 310 2131 casuistas
327 2080 471 2145 perutiles,
491 2087 536 2131 aut
556 2081 637 2132 etiam
658 2081 821 2133 necessarios
837 2078 966 2135 ostendit,
986 2090 1045 2128 eum
1063 2090 1095 2128 ea
1111 2080 1154 2129 nel

149 2167 159 2196 ι
178 2158 324 2214 praecepta,
344 2152 384 2201 uel
408 2152 612 2212 instructiones,
634 2154 732 2216 quibus
755 2152 890 2216 indigent,
909 2152 936 2200 in
954 2149 1096 2213 Scripturis
1115 2150 1153 2204 ita

147 2239 158 2266 ι
178 2222 288 2281 lateant,
309 2228 339 2273 ut
360 2222 472 2286 perspici
492 2224 508 2272 1
527 2223 618 2274 multis
640 2237 692 2275 non
715 2224 833 2286 possint;
852 2223 880 2273 iu
900 2220 1070 2284 amplissimis
1090 2234 1153 2273 vcro

147 2310 159 2338 n
177 2289 352 2342 uoluminibus
375 2293 445 2343 iuris
465 2294 587 2345 canonici
611 2295 720 2345 sintita
749 2294 884 2357 dispersa,
903 2299 948 2343 aut
969 2291 1100 2351 involuta,
1122 2301 1153 2344 nt

146 2383 157 2410 ι
177 2363 285 2427 reperiri
306 2363 403 2427 puriter
423 2372 553 2429 nequeant
575 2367 590 2416 1
611 2366 762 2429 plerisque;
783 2365 936 2417 aPatribus
962 2363 1066 2413 tandem
1095 2365 1151 2415 sint

146 2455 156 2483 ι
176 2436 263 2488 obiter
273 2443 372 2487 tantum
385 2437 497 2487 subinde
510 2436 620 2496 tradita,
631 2438 646 2487 1
658 2437 785 2487 casuistis
796 2449 857 2488 rero
869 2437 922 2485 sint
930 2435 1000 2486 lacili
1011 2434 1152 2496 methodo,

146 2527 156 2555 ι
175 2508 371 2573 clarissimeque
386 2511 488 2560 cunctis
499 2510 653 2573 proposita:
668 2509 728 2560 binc
744 2509 782 2558 llli
801 2509 868 2572 ipsi,
885 2507 930 2571 qui
942 2506 1070 2558 Casuistis
1086 2519 1149 2557 suc·

146 2599 155 2628 n
175 2588 298 2644 censent,
315 2583 483 2647 interrogati,
503 2582 572 2633 uude
592 2581 726 2634 hauserint
748 2593 806 2632 eam
824 2579 983 2639 doctrinam,
1002 2590 1101 2641 quase
1120 2577 1149 2628 in

146 2648 308 2714 ·'e1amtne,
327 2661 373 2705 aut
391 2667 519 2704 concursu
537 2653 632 2716 dignos
650 2653 733 2703 sacris
748 2651 907 2711 Ordinibus,
920 2657 966 2700 aut
978 2648 1152 2700 administra·

145 2726 245 2778 utioue
265 2726 504 2786 sacramentorum,
528 2726 688 2788 probarunt,
709 2725 733 2774 sl
750 2723 830 2774 velint
847 2735 907 2773 nera
928 2721 1023 2780 fateri,
1044 2721 1147 2782 dicent,

144 2815 154 2845 o
172 2798 337 2859 selectione,
351 2811 381 2849 ac
398 2797 488 2849 studio
505 2797 681 2847 casuistarum
694 2795 816 2858 adiutos,
832 2801 860 2845 et
872 2805 905 2844 ex
918 2791 1018 2842 lumine
1034 2793 1068 2842 ab
1080 2791 1147 2855 ipsis

134 2886 153 2929 ,u
172 2879 278 2935 accepto
289 2870 433 2935 propositis
443 2869 632 2934 quaestionibus
648 2865 825 2930 respondisse.

66 2984 74 2997 ·
172 2984 186 3021 u
202 2971 257 3023 111.
269 2971 294 3021 1.
307 2967 440 3026 ostendit,
452 2968 486 3018 ab
497 2963 541 3019 bis
551 2964 596 3029 qui
610 2963 744 3015 casuistss
755 2971 897 3025 eorumque
908 2958 992 3011 libros
1002 2955 1142 3018 damnant,

141 3059 152 3090 r
171 3053 223 3095 non
240 3041 326 3093 solum
343 3040 440 3104 priuuri
458 3036 599 3090 Ecclesiam
619 3033 890 3099 ingenti-commodo,
906 3031 953 3082 sed
970 3030 1037 3080 affici
1054 3030 1146 3080 multis

141 3114 331 3178 »munninio
349 3111 523 3167 detrimentis.
544 3109 577 3159 [it
596 3108 621 3171 ¹.-
639 3106 816 3165 confessarii,
838 3104 933 3157 bortum
952 3102 1098 3159 librorum,
1118 3109 1147 3153 et

140 3202 151 3231 r
170 3186 304 3238 bornicum
322 3184 421 3237 auxilio
442 3181 535 3244 prirutl
545 3216 554 3242 ,
565 3192 614 3231 nec
627 3179 745 3242 legentes
759 3177 856 3238 scripta
873 3176 995 3233 Petrum,
1008 3185 1067 3236 quae
1083 3180 1145 3224 suut

140 3274 150 3302 ι
169 3258 320 3317 innumera,
334 3263 380 3307 tut
396 3256 423 3305 iu
440 3252 507 3317 ipsis
524 3264 576 3303 non
588 3251 750 3314 reperientes
761 3248 913 3305 dubiorum,
926 3255 985 3307 que
1002 3250 1145 3295 nascuntur

138 3344 149 3374 t
168 3329 196 3385 io
213 3329 286 3391 dies,
304 3326 433 3380 dilucidas
445 3324 646 3387 responsiones,
660 3320 816 3384 judicabunt
834 3317 886 3381 ipsi
900 3316 957 3367 solo
973 3315 1080 3379 iugenio
1094 3327 1144 3365 suo

137 3416 147 3444 u
168 3401 232 3465 quid
244 3400 386 3464 agendum,
397 3396 462 3461 quid
474 3393 617 3449 carendum
627 3394 664 3443 sit
677 3407 685 3442 r
697 3392 775 3459 quale
791 3395 879 3440 nutem
892 3387 943 3438 erit
953 3387 1004 3437 boe
1012 3385 1142 3448 iudicium

136 3485 146 3514 i
165 3472 300 3523 bominum
315 3466 514 3532 imperitorum?
530 3467 560 3516 si
581 3463 667 3528 magni
686 3463 726 3514 illi
744 3462 809 3522 riri,
827 3459 874 3523 qui
896 3459 1026 3510 casuistae
1046 3457 1141 3519 luere,
1181 3476 1185 3483 ·

135 3554 147 3583 ⁸
166 3547 227 3602 post
245 3546 325 3590 totam
338 3541 416 3589 vitam
437 3540 465 3586 tu
482 3536 579 3589 litbice
594 3535 690 3585 studiis
706 3534 877 3595 insumptam,
896 3536 956 3592 post
970 3528 1075 3591 longam
1091 3541 1141 3578 en-

133 3623 145 3654 »
166 3607 464 3672 perlentiumnoamris
474 3606 580 3668 ingenio
597 3611 765 3666 prestarent,
779 3607 899 3653 errarunt
910 3607 1014 3671 tamen,
1027 3606 1058 3648 ut
1074 3612 1140 3662 prm·

134 3695 144 3722 ι
166 3679 230 3732 dicti
244 3689 342 3731 eurum·
350 3688 472 3731 censores
487 3674 659 3734 contendunt,
670 3674 716 3738 qui
727 3680 804 3725 erunt
815 3677 916 3726 atores
927 3669 1076 3741 bominum,
1089 3671 1137 3733 qui
