2617 4192
144 260 186 323 2⁸
383 244 490 309 tut.
510 238 647 303 reaem.
662 228 898 305 Demuseieetio.

145 358 274 444 possidet
289 350 410 416 libertus
426 336 662 407 eommunieeudi
673 380 682 409 ‚
695 331 859 411 usquedum
877 328 915 389 de
932 320 1076 405 iraelione
1091 344 1158 392 nou

146 449 270 509 constet.
287 435 371 498 Retio
380 432 443 493 hese
453 446 514 489 nou
526 424 645 485 videtur
658 414 870 481 eontemnende
884 421 918 473 ut
929 411 1022 472 utilis
1031 431 1040 470 2
1050 412 1158 475 saltem

146 548 183 592 eo
195 545 262 588 cusu
286 524 334 583 lex
355 515 515 597 prohibens
528 506 766 570 communionem
786 507 848 561 non
865 497 985 558 ridetur
1000 504 1084 556 uersu
1094 522 1114 568 ‚·
1126 503 1158 556 et

146 622 297 689 tamquam
308 603 397 666 dubia
412 618 473 660 non
484 596 608 672 obliget,
615 590 699 668 juxta
710 584 832 646 dicendo
843 601 876 642 u.
886 582 936 641 bb.
948 587 976 639 et
987 594 1047 659 sep.
1056 579 1102 639 nd
1110 596 1157 640 su-

148 695 274 760 eundum
290 699 389 752 autem
401 673 754 746 rationemirreverentiss
770 667 934 746 oppositum
956 663 1155 741 respondent,

148 800 211 844 non
231 775 343 838 censeri
370 772 600 831 irreverentem,
626 758 678 835 qui
697 755 792 829 utitur
811 750 880 829 jure
908 766 971 809 sues
993 748 1155 823 libertatis,

150 858 278 928 maxime
285 860 309 920 si
320 875 356 917 ex
366 839 814 915 devotionesdaommunionem
822 831 941 894 acedia

189 979 341 1044 bue-An
360 979 459 1033 autem
476 966 556 1028 idem
579 958 759 1030 dicendum,
779 951 860 1033 qubd
880 949 973 1031 possit
990 951 1159 1012 eommuni-

151 1086 237 1140 eere,
251 1064 303 1143 qui
315 1057 499 1131 tubiut,an
512 1042 718 1129 postmodium
729 1048 846 1101 nostem
860 1037 960 1098 eibum
970 1078 979 1108 ,
990 1043 1042 1096 eut
1053 1044 1158 1115 potum

152 1148 329 1230 sumpserit?
338 1146 431 1220 Neget
447 1139 549 1217 Lupe,
566 1131 635 1209 quio
650 1127 696 1206 (ut
708 1124 759 1203 ait)
769 1121 839 1185 erim
858 1120 924 1200 quis
944 1120 998 1180 seit
1009 1136 1041 1180 se
1061 1138 1159 1183 eome-

151 1240 288 1307 disse‚et
308 1229 422 1291 dubitat
434 1241 472 1283 nn
485 1215 644 1280 comederit
660 1219 727 1292 post
743 1206 871 1270 mediam
891 1213 1025 1278 noctem,
1041 1194 1160 1268 videtur

153 1323 209 1401 ipsi
221 1315 391 1380 incumbere
412 1324 486 1370 onus
498 1298 660 1384 probandi,
675 1303 742 1374 post
758 1292 886 1355 medium
899 1299 1018 1350 noctem
1036 1307 1096 1349 nou
1109 1309 1159 1351 eo-

153 1406 287 1468 medisse.
297 1398 354 1460 Sed
374 1412 444 1475 paee
460 1389 533 1451 tenti
549 1385 607 1446 viri
623 1382 747 1443 dicimus
761 1423 770 1453 ‚
784 1376 865 1456 qubd
882 1376 958 1437 rntio
968 1373 1056 1453 suprb
1067 1375 1160 1434 addu-

154 1501 199 1555 ete
210 1535 218 1564 ‚
229 1486 308 1568 qnbd
321 1485 369 1544 lex
375 1482 412 1543 sit
421 1473 599 1559 prohibitiva
616 1485 700 1542 ‚non
710 1464 849 1544 positiva,
865 1461 890 1521 si
911 1461 1051 1539 vatupro
1062 1461 1161 1540 primo

154 1573 321 1647 ensu‚velet
332 1569 421 1628 etiam
439 1578 494 1642 pro
515 1553 657 1628 seeund03
669 1546 831 1631 prohibitio
843 1544 924 1607 enim
943 1553 987 1607 est
1006 1563 1065 1605 non
1078 1563 1161 1604 eom-

155 1655 323 1724 munirsndi
334 1652 412 1722 iltis,
427 1647 479 1725 qni
489 1638 600 1720 aliquid
617 1634 796 1715 sumpserint
809 1640 875 1711 post
888 1630 1015 1690 mediam
1026 1637 1160 1707 noetem;

155 1747 181 1809 si
193 1759 281 1820 ergo,
297 1756 335 1801 ne
346 1735 403 1814 ipsi
416 1726 631 1795 communicare
641 1720 770 1801 possint,
780 1714 967 1799 probandum
979 1722 1022 1775 eet
1034 1714 1160 1784 suetum,

156 1830 235 1911 qubd
247 1824 359 1905 aliquid
371 1817 568 1898 sumpserint,
588 1808 773 1891 probandum
786 1812 830 1864 est
841 1804 930 1887 elium
943 1804 1068 1874 laetum,
1082 1799 1162 1879 qubd

156 1911 338 1992 sumpserint⁴
352 1914 418 1987 post
436 1901 563 1964 mediam
585 1903 712 1956 noctem.
724 1886 869 1967 Ceterum
882 1887 1084 1947 affirmativam
1096 1903 1162 1945 sen-

157 2000 280 2061 tentiam
289 2001 390 2057 tenent
405 1989 454 2049 alii
466 1988 531 2046 DD.
549 1978 637 2063 suprb
648 1977 746 2049 etuti,
763 1973 870 2053 quibus
888 1972 998 2033 aceedit
1010 1971 1111 2032 doetus
1122 1972 1161 2031 P.

158 2081 302 2153 Eusebius
315 2079 419 2139 Amori
437 2066 535 2135 Tleeol.
550 2065 658 2127 tomi.
672 2061 749 2141 disp.
761 2058 792 2120 b.
812 2076 863 2139 qu.
876 2058 906 2119 l.
928 2056 981 2115 ubi
998 2057 1162 2133 inquirens,

159 2187 197 2229 an
217 2162 371 2226 comedens
390 2145 740 2223 indubto‚1utrumjam
752 2138 972 2215 sonueritlhore
990 2138 1164 2200 duodecime

159 2249 274 2319 noetis,
296 2242 388 2323 possit
412 2235 546 2316 sequenti
577 2233 626 2293 die
647 2229 885 2291 communicare?
905 2223 953 2284 Sie
975 2221 1161 2301 respondet:

159 2335 260 2394 Potest
280 2324 507 2397 communicare,
530 2319 602 2401 quio
631 2312 735 2376 melior
759 2320 803 2374 est
823 2307 947 2371 baudilio
969 2303 1163 2389 possidentis,

159 2411 303 2498 quamdiu
313 2411 346 2472 iu
358 2407 539 2483 eontrarium
548 2399 727 2465 uauuanur
732 2394 975 2479 praesumptiones
985 2400 1046 2451 tam
1056 2387 1164 2470 fortes,

160 2506 196 2561 ut
206 2511 331 2579 opereat
340 2485 522 2575 probabilius
531 2482 698 2566 eredatjam
708 2480 839 2542 sonuisse
852 2474 1062 2540 duodecimam.

571 2724 692 2791 CAPUT
713 2726 765 2785 lll.

359 2902 365 2987 s
424 2922 478 2999 De
494 2914 709 2996 conscientia
721 2909 914 3014 probabili.

165 3150 198 3204 tu
215 3149 280 3215 oue
289 3145 325 3198 stt
340 3138 509 3197 conscientia
524 3133 687 3206 probabilis.
701 3136 826 3202 Quotque
837 3132 1037 3184 enumerentur
1055 3125 1169 3181 diuerso

228 3216 460 3289 probabilitotum
468 3210 587 3280 speeies?
1188 3207 1190 3213 '

166 3297 196 3347 u
214 3298 349 3362 Quam
360 3291 397 3341 sit
405 3283 590 3355 probabilitas
598 3280 682 3350 loeti,
692 3284 717 3333 et
728 3291 855 3346 quartoue
861 3274 960 3347 juris?

165 3371 198 3422 le
213 3361 444 3431 uuuqaautteu
455 3357 498 3411 uti
505 3354 704 3425 probabilitate
719 3352 791 3420 laeti
801 3366 864 3407 eum
878 3346 1004 3419 perleulo
1015 3343 1113 3399 domm
1126 3341 1171 3395 al·

231 3439 328 3495 terius.

166 3516 199 3564 te
216 3516 374 3576 Quamnam
383 3507 541 3576 opinionem
548 3505 625 3572 sequi
634 3509 777 3558 uueauur
784 3501 815 3554 iu
826 3491 1041 3563 uateuapuetr

165 3585 200 3632 tl
215 3586 374 3644 Quamnam
384 3578 542 3644 opinionem
552 3578 629 3644 sequi
641 3577 736 3630 debeat
746 3571 887 3629 medicus?

166 3651 200 3698 tu
215 3651 406 3713 lupresreuti
416 3649 535 3703 remedie
545 3649 638 3705 miuus
649 3650 731 3702 tutet
