2617 4192
86 246 92 255 ·
153 231 245 293 xxvii·

153 253 305 442 batam,
338 346 360 422 e
390 337 681 421 Remondiniauo
711 341 973 444 Typographio
1006 329 1154 421 tertium

153 464 299 568 prodire
322 464 483 544 nolueris
508 464 599 565 quin
627 474 786 541 exstaret
814 463 852 541 in
882 462 1014 566 Operis
1036 465 1155 544 ironte

90 624 93 629 ·
152 587 365 665 Dissertatio
384 585 567 687 quapiam
593 587 616 661 i
644 609 705 664 me
725 583 953 665 elucubrata.
976 583 1049 665 Sed
1068 610 1157 688 quo-

154 708 254 785 niam
292 718 366 785 tuae
398 705 576 786 voluntati
610 704 940 807 obtemperandum
969 707 1072 806 fuit,
1109 730 1158 785 ue

153 828 417 909 benevolentiae
430 852 517 930 erga
533 850 594 905 me
614 839 687 904 tuae
703 829 893 928 ingratus,
911 827 1153 930 honorisque,
1283 878 1284 883 Ν

153 952 216 1053 qui
236 950 323 1030 inde
346 951 385 1028 in
409 973 469 1028 me
492 947 751 1047 derivabatur,
776 950 900 1027 minus
919 974 1047 1051 aequus
1065 951 1159 1028 aesti-

155 1085 273 1151 mator
289 1070 464 1167 viderer,
493 1092 566 1147 non
587 1069 690 1145 alteri
711 1082 809 1147 certe
820 1128 831 1166 ,
852 1094 963 1171 quam
983 1071 1049 1149 tibi
1069 1095 1158 1172 ‹pra-

155 1192 359 1294 lisoumque
378 1190 458 1269 haee
482 1188 697 1268 Dissertatio
728 1188 855 1268 debuit
884 1190 1049 1270 inscribi.
1068 1193 1158 1270 Eam

155 1313 265 1414 igitur
295 1311 407 1389 vetuti
437 1321 539 1389 tuam
566 1309 686 1389 tibens
715 1312 857 1414 excipe.
875 1310 980 1392 Vide'
1004 1325 1156 1411 tamen,

157 1456 203 1512 ne
230 1429 459 1511 celeberrimi
490 1430 622 1533 Operis
650 1432 704 1509 tui
733 1432 901 1513 inornata
927 1433 1035 1532 haee,
1066 1432 1159 1511 indi·

155 1566 329 1658 gestaque
363 1555 529 1633 tractatio
561 1555 819 1633 existimationi
854 1555 976 1658 palam
1006 1553 1154 1633 officiat.

157 1674 345 1777 Quidquid
360 1674 405 1753 de
424 1674 485 1753 iiia
507 1676 695 1773 statueris,
718 1678 787 1753 erit
804 1676 894 1754 mibi
915 1687 1152 1779 pergratum,

156 1819 245 1875 nam
278 1798 345 1876 etsi
375 1795 565 1899 indignam
593 1797 692 1875 illam
720 1796 929 1899 judicabis,
965 1820 1048 1897 quae
1076 1817 1161 1871 cum

158 1916 279 2021 Opere
293 1932 357 1998 tuo
373 1918 547 2021 prodeat,
569 1920 657 1998 satis
676 1917 766 1997 mihi
788 1919 880 2015 erit,
903 1914 1078 2020 probasse
1101 1938 1161 1995 me

158 2038 224 2118 tibi
244 2063 366 2122 meam
385 2040 424 2119 in
444 2053 479 2117 te
497 2040 738 2119 voluntatem.
757 2036 863 2115 Vaie.

579 2302 681 2377 birtine
696 2333 729 2371 ex
742 2319 901 2372 serenissimi
914 2320 1097 2374 mutinensium

650 2394 726 2446 Ducis
738 2392 907 2447 bibliotheca.
