2617 4192
459 305 533 356 Poro
548 305 600 356 lli.
619 301 804 372 apotcpettcu.
1065 304 1130 369 cmi]

131 402 141 442 ι
160 406 208 447 noc
223 392 320 455 simili,
332 392 386 446 imo
396 391 440 445 uix
453 390 508 446 nilo
524 391 613 444 studio
625 392 795 457 colorantur,
809 403 857 443 noc
869 396 992 456 praestant
1007 390 1131 458 inpeuioi

131 469 251 519 »Nonne
269 464 414 517 timendum
435 473 492 528 est,
515 478 568 526 ne,
586 478 645 516 cunt
665 465 726 516 ceci
746 465 798 529 ipsi
818 465 889 524 sint,
910 476 970 516 cunr
987 464 1043 526 eit,
1063 476 1131 529 quos

131 559 140 587 ι
159 541 273 600 ducunt,
296 537 390 590 cadant
411 538 438 588 in
457 538 576 589 ioueaml
591 537 617 589 2.
628 536 656 587 si
673 549 797 588 numerus
814 535 1008 596 casuistarum,
1025 547 1131 589 eornm·

132 633 141 661 ι
160 626 212 677 quo
227 613 256 663 in
273 611 411 663 sententiis
428 610 558 662 discordia
571 608 728 662 detrimento
746 615 802 670 est,
821 616 849 659 et
858 608 1036 660 confusionem
1046 610 1130 673 parit,

129 703 140 733 ι
159 693 189 736 nt
205 684 286 736 iidem
309 683 415 744 dicunt,
434 684 512 746 longe
532 683 616 746 major
629 683 683 734 erit
702 681 847 741 discordia,
869 685 897 732 ci
918 679 1051 743 confusio,
1070 692 1130 733 cana

130 757 258 822 ‚singuli
277 756 453 817 conlessnrll,
470 763 500 808 ιιι
519 769 567 808 soa
587 756 683 820 cuique
702 756 770 806 rnilo
789 761 929 819 suggeret,
950 753 1127 816 iudicabimus

20 856 21 859 =
128 846 136 876 ι
158 837 188 882 ιιι
205 829 278 880 enim
298 829 325 878 ln
343 827 492 892 huiusmodi
507 826 616 891 indiciis
632 827 737 879 euenire
755 826 835 888 solet,
855 833 921 890 quot
936 833 1013 879 crant
1029 825 1128 889 capitu,

127 920 137 949 ι
157 910 197 954 tot
218 908 295 952 erunt
325 900 470 952 sententiae.
495 900 521 951 5.
544 900 593 963 Qui
617 900 651 951 ad
675 911 783 952 atamen
805 906 931 950 uocantur
955 898 990 950 ab
1019 897 1127 962 spism-

20 1000 21 1007 ι
128 991 138 1020 ι
157 974 214 1038 pls,
237 973 381 1037 propositis
400 972 590 1036 quaestionibus
607 985 631 1022 e.
654 985 693 1036 qr.
712 973 780 1023 circa
801 971 956 1032 simoniam,
975 969 1044 1021 circa
1063 982 1128 1022 con·

127 1063 137 1094 ι
157 1052 272 1105 tractus,
283 1045 502 1106 cirencensnrss,
518 1044 678 1110 respondere
697 1057 749 1095 non
769 1050 908 1107 poterunt;
925 1054 985 1095 com
1004 1054 1127 1107 responsa

128 1136 139 1163 ι
158 1118 186 1167 ln
197 1116 320 1168 Patribus
335 1130 388 1167 non
406 1117 554 1180 reperiant,
570 1129 602 1167 ex
620 1115 698 1167 libris
713 1117 891 1167 casuistarum
909 1122 998 1180 petere
1015 1127 1068 1166 non
1079 1114 1127 1167 de·

127 1208 137 1237 l
156 1191 244 1241 beant.
263 1189 345 1253 igitur
361 1190 388 1240 id
406 1202 515 1240 examen
537 1187 681 1239 tollendum
696 1189 758 1239 erit.
776 1189 802 1239 l.
816 1188 951 1239 ‘tollentur
970 1187 1126 1239 contessarii

20 1264 21 1267 ’
126 1279 136 1308 ι
156 1263 207 1326 ipsi
217 1298 226 1326 ,
238 1263 283 1325 qni
296 1264 318 1313 sl
329 1264 431 1325 sapient
442 1299 450 1323 ,
463 1263 553 1312 nolcni
563 1274 593 1311 se
603 1273 734 1325 exponere
744 1260 860 1325 peniculo
871 1259 974 1311 errandi
985 1272 1043 1312 cam
1054 1265 1127 1311 unio

126 1351 136 1382 ι
155 1335 298 1386 animarum
316 1335 489 1396 detrimento,
506 1334 584 1398 quale
605 1334 751 1398 periculqm
772 1341 842 1385 certo
861 1333 990 1395 subcunt,
1008 1332 1127 1398 quisine

126 1426 136 1455 ι
155 1407 273 1459 doctrina
292 1410 384 1460 morali
403 1410 567 1459 sacramenia
586 1408 743 1459 ministrant.
764 1407 792 1457 si
812 1407 881 1457 enim
900 1408 928 1457 in
945 1407 993 1457 hao
1012 1406 1127 1457 admini-

123 1499 136 1527 ε
154 1482 280 1533 stratiouc
294 1486 381 1533 errant
392 1481 549 1547 sliquando,
565 1492 613 1531 occ
630 1494 689 1532 raro
706 1481 828 1530 dubitant
840 1480 919 1531 eiiam
936 1479 1011 1543 periti
1023 1491 1125 1530 morum

125 1571 135 1601 ι
155 1555 295 1615 comoros,
312 1555 357 1617 qui
375 1553 471 1613 libros,
484 1564 583 1617 eosque
593 1554 691 1603 multos
702 1553 807 1616 legunt,
817 1559 845 1603 et
860 1552 1008 1616 perlegunt,
1022 1552 1126 1616 quoties

125 1644 135 1673 n
153 1634 268 1678 errarent
279 1628 321 1686 ni,
334 1628 380 1691 qai
395 1633 481 1678 esseni
493 1626 544 1677 hoc
555 1626 679 1688 praesidio
690 1625 826 1676 destituti?
838 1625 972 1688 lqltttrqul
980 1624 1125 1685 (insulsius,

20 1706 27 1725 ¹
124 1716 134 1746 ι
152 1711 295 1763 eorumque
312 1700 397 1750 libros
412 1699 553 1762 ablegant,
568 1703 631 1750 sunt
641 1699 772 1750 authores
786 1697 848 1748 maii
861 1697 938 1760 lonqa
952 1694 1060 1758 maioris
1076 1706 1125 1757 co,

20 1836 21 1849 χ
123 1772 194 1824 »cul
206 1771 306 1822 mederi
319 1771 488 1824 contendunt.

154 1844 239 1895 nint.
258 1844 285 1894 Β.
306 1843 416 1907 querit,
436 1851 523 1894 utrum
546 1856 607 1895 rere
626 1843 699 1894 noxii
721 1843 775 1893 sini
797 1839 928 1892 numerosi
950 1839 1125 1892 casuistarum

20 1908 21 1913 ’
123 1915 238 1967 olibrii
253 1915 323 1964 nteit
341 1921 446 1975 autem,
465 1916 537 1981 loqui
557 1930 587 1967 se
607 1929 659 1966 non
679 1916 712 1966 de
732 1915 853 1966 omnibus
872 1911 1014 1971 casuistis,
1031 1910 1078 1962 sed
1092 1913 1125 1964 de

123 2006 134 2036 i
153 1988 208 2048 lis,
224 1985 270 2048 qui
287 1986 342 2036 siue
359 1986 524 2049 amplissimis
539 1989 727 2053 dignitatibus.
738 1988 793 2038 sive
811 1985 906 2037 eximia
921 1984 1039 2035 doctrina
1049 2016 1057 2043 ,
1069 1983 1125 2037 sive

124 2079 135 2108 ι
155 2059 286 2123 susceptis
306 2056 332 2109 ln
355 2060 500 2113 academiis
519 2065 659 2126 gradibus,
679 2065 796 2126 insignes
818 2067 895 2120 sunt,
918 2066 946 2112 et
965 2059 1027 2110 boul
1047 2058 1124 2123 uulgo

124 2152 134 2182 ι
153 2131 283 2185 authores
300 2132 435 2184 habentur.
456 2136 600 2200 Proposita
618 2139 756 2201 quaestioni
780 2135 921 2199 respondet
940 2134 1071 2186 immerito
1090 2133 1124 2186 dc

121 2225 132 2254 ι
152 2208 246 2258 norum
263 2218 385 2267 numero,
397 2215 424 2259 ci
439 2208 565 2260 uarietate
580 2211 705 2275 conqueri
722 2210 860 2274 pmoictos
875 2219 1014 2270 censores,
1026 2215 1055 2260 ut
1072 2207 1125 2258 inu·

122 2278 246 2331 »merito
264 2280 298 2330 de
317 2292 442 2342 numero,
461 2287 491 2332 et
510 2282 636 2335 varietate
651 2284 809 2335 leronlorum
829 2289 1001 2346 quereretur,
1022 2280 1069 2346 qui
1090 2278 1123 2332 ad
1216 2300 1217 2307 ι

123 2353 237 2403 olsutas
258 2354 350 2416 epulas
371 2354 512 2424 inritatum
535 2357 753 2420 quemadmodum
771 2358 841 2408 cuim
863 2356 992 2420 Principis
1012 2355 1124 2419 alicujus

123 2441 133 2473 o
150 2425 199 2476 riri
212 2427 319 2489 epulum
328 2427 482 2492 apparantis
491 2435 532 2479 esi
540 2443 659 2494 magnam
669 2431 827 2482 ferculorum
837 2432 938 2494 copiam
948 2430 1063 2480 inritatis
1075 2442 1125 2493 ap·

123 2514 133 2544 ι
150 2499 310 2561 ponere,iia
319 2500 484 2550 conuiuarum
500 2509 541 2552 cst
551 2502 719 2567 eproposiils
727 2504 853 2567 dapibus,
864 2505 986 2554 meliores
995 2501 1125 2553 utiliores·

123 2588 133 2616 ι
151 2582 202 2633 quc
220 2571 364 2634 prudenter
379 2571 565 2636 moderateque
580 2577 701 2638 seligere.
716 2577 794 2640 Atqui
808 2576 862 2627 llaec
876 2581 964 2635 ianm,
982 2585 1123 2637 eorumque

124 2659 132 2687 ι
151 2643 312 2694 diuersorum
335 2644 465 2695 librorum
487 2647 582 2710 copia,
603 2648 701 2713 quihus
722 2662 835 2712 praesens
854 2646 970 2698 abundat
989 2645 1122 2708 Ecclesia,

123 2732 131 2761 ι
150 2715 244 2766 diuinae
263 2716 448 2768 munificentiae
469 2730 530 2782 pars
549 2729 607 2782 est,
628 2730 666 2773 tot
686 2720 772 2772 modis
791 2733 838 2772 sua
858 2720 994 2771 nobiscum
1013 2718 1123 2771 consilia

123 2806 132 2834 ι
149 2791 382 2851 communicantis,
406 2803 464 2856 qnae
484 2791 575 2844 lideles
595 2794 696 2845 animas
720 2799 852 2857 pascant:
875 2791 1018 2853 parendum
1036 2799 1123 2843 tamen

123 2878 132 2906 ι
150 2861 274 2925 iposmto
291 2864 421 2922 monenti,
440 2874 473 2913 ne
483 2865 594 2916 uelimus
605 2867 665 2929 plns
681 2879 791 2929 sapere,
805 2877 882 2929 qnam
895 2869 999 2927 oportet
1015 2875 1121 2927 sapere,

122 2934 196 2986 ·se‹t
216 2947 310 2998 sapore
329 2935 363 2986 ad
383 2936 570 2999 sobrietatem
588 2952 618 2989 ac
636 2940 763 3002 proinde,
783 2945 828 2988 sut
847 2949 899 2987 non
917 2936 1044 2999 legenda,
1064 2948 1122 3000 quae

122 3023 130 3052 ι
149 3018 202 3058 non
213 3013 332 3070 oporiet,
348 3015 393 3057 aui
412 3007 534 3071 legenda,
547 3023 580 3060 eo
592 3013 671 3062 morlo
687 3024 740 3075 quo
757 3015 880 3073 oportet,
895 3022 948 3073 quo
962 3020 1015 3059 non
1032 3010 1122 3072 legunt

120 3096 130 3123 ι
149 3079 209 3139 liii,
233 3079 279 3142 qul
298 3079 382 3129 libros
401 3081 470 3130 male
492 3083 643 3133 masticatos
666 3083 812 3141 devorant,
836 3089 882 3133 aut
901 3080 1030 3132 doctrinis
1056 3081 1122 3133 allas

119 3167 129 3196 ι
147 3150 329 3202 saluberrimis
348 3152 501 3204 abutuntur.
522 3152 666 3214 ceterum,
688 3148 811 3218 quamvls
823 3155 881 3216 ipso
901 3164 953 3204 non
973 3153 1123 3218 improbet,

118 3240 128 3267 n
146 3221 201 3273 imo
218 3222 324 3286 laudet,
337 3225 464 3276 utrarios
480 3226 514 3277 de
528 3239 557 3276 rc
567 3227 659 3277 morell
671 3226 754 3277 libros
765 3226 792 3274 in
806 3231 928 3289 promptu
938 3226 999 3288 quis
1013 3225 1122 3290 laneat,

116 3300 194 3355 int,
214 3304 275 3345 cum
294 3308 361 3359 opus
378 3295 475 3356 inerit,
497 3299 634 3350 consuisse
654 3311 701 3350 eos
720 3298 821 3362 possit,
842 3298 961 3349 hortatur
979 3305 1065 3350 temen
1087 3300 1122 3350 ad

116 3386 127 3414 ι
146 3367 289 3428 selectum,
305 3375 333 3420 ei
346 3370 479 3431 peculiare
499 3370 616 3421 studium
630 3385 789 3436 paucorum,
807 3371 923 3435 dicitque
940 3369 968 3421 id
983 3369 1121 3423 consilinm

115 3458 126 3488 ι
147 3440 211 3491 dare
228 3441 395 3493 consuevisse
410 3441 547 3506 discipulis
562 3444 618 3494 suis
629 3445 798 3509 gratissimos
815 3445 939 3496 Doctores
949 3442 1121 3507 Sorbonicos,

116 3522 177 3566 »ut
201 3513 321 3563 studiose
342 3514 462 3577 legerent
485 3515 685 3567 instructionem
706 3517 891 3579 sacerdotnm,
914 3531 992 3581 qnam
1015 3516 1121 3580 scripsit

115 3602 125 3631 ι
145 3583 294 3636 cardinalis
313 3585 434 3647 Teletos,
455 3586 578 3649 idemque
597 3587 680 3638 fuisse
698 3588 725 3638 S.
739 3589 869 3641 Francisci
889 3589 924 3640 de
941 3590 1015 3640 Sales
1032 3591 1120 3640 consi·

114 3678 125 3706 ι
148 3659 224 3708 lium.
236 3657 270 3708 ili
284 3660 371 3708 atatem
393 3657 469 3711 datur
486 3661 608 3710 omnious
624 3662 754 3724 seligendi
766 3663 879 3726 aliquem
894 3675 926 3713 en
938 3664 1027 3715 multis
1043 3663 1120 3726 plena

113 3749 124 3780 ι
147 3731 278 3794 libertas,
295 3729 333 3780 lta
350 3730 415 3783 nulli
433 3731 595 3797 permittitur
612 3733 680 3788 alios
698 3733 832 3801 despicere
838 3771 847 3800 ,
859 3748 1002 3800 eorumque
1017 3734 1122 3796 copiam
