2617 4192
433 222 530 286 inlex
549 220 897 305 capitumebioliorum.
1109 227 1172 290 ubo

162 331 200 391 40
222 324 302 404 Qeril
313 324 348 390 ule
359 340 409 405 eo,
422 323 615 408 qsrijurlioat,
631 321 1088 406 probabiliterimpllsseootnm.

162 416 202 475 50
223 409 302 489 Quid
310 456 318 483 ‚
333 410 362 473 si
376 413 445 493 queis
455 428 531 492 opus
545 408 683 491 ootijam
699 408 858 489 praestitit,
873 407 923 470 secl
932 407 994 470 voti
1005 408 1168 471 immemor.

161 501 196 560 51
220 502 267 559 An
278 494 414 559 subi-itus
428 503 564 557 teneatur
577 493 690 556 obedire
709 492 858 576 superiori
868 493 901 555 iu
918 511 968 573 re,
983 501 1101 573 quaml
1117 492 1172 556 der·

279 580 323 644 bie
342 576 437 640 mala.
455 578 527 643 Vide
540 598 573 639 n.
587 581 644 642 400
657 586 685 639 et
697 576 719 641 l.
735 580 764 641 b.
778 596 811 639 n.
825 579 877 640 ll.
1154 611 1163 621 ·

162 668 200 728 50
220 664 321 729 Dubia
331 664 498 727 delirorsis
512 663 607 725 rebus,

161 752 200 812 55
222 748 301 824 Quiri
310 749 343 810 in
355 748 443 812 dubio
456 746 491 809 ele
504 746 603 812 valore
622 746 822 827 matrimonii,
836 747 988 812 remissirb
1001 746 1039 810 ab
1050 748 1071 810 l.
1089 748 1119 811 6.
1135 764 1167 810 a.

122 890 124 893 ,
279 836 349 895 905.
364 845 394 894 et
408 835 477 895 004.
902 884 906 893 .

152 924 201 982 ’54
223 918 301 995 Quiri
314 917 348 979 in
357 917 445 981 dubio
462 916 673 995 desolatione,
688 920 716 980 si
729 916 857 980 debiturn
870 926 911 980 est
931 926 1052 980 eertum.

162 1008 200 1066 55
222 1002 300 1080 Quid
309 1003 342 1065 in
356 1002 444 1067 dubio
457 1002 492 1064 de
504 1002 615 1077 debito,
632 1004 661 1065 si
673 1001 741 1084 qeois
752 1022 813 1063 rem
823 1002 953 1085 possidet
968 1003 1045 1064 bona
1058 999 1127 1080 ficle.

161 1094 200 1153 5b
222 1088 318 1168 Quiri,
339 1089 369 1152 si
387 1097 489 1150 contra
505 1106 696 1171 possessorem
714 1096 820 1173 urpeat
837 1088 915 1150 ratio
933 1085 1115 1170 probabilis,
1142 1092 1172 1147 et

278 1170 365 1234 neella
379 1192 435 1255 pro
447 1175 521 1254 ipso.

162 1259 201 1322 57
223 1256 303 1333 Quid
307 1302 318 1334 ,
341 1257 369 1319 si
393 1276 555 1339 possessor,
574 1259 793 1342 superueniente
812 1256 902 1322 rlnbio
913 1303 923 1337 ,
940 1254 1100 1339 neplenerit
1121 1254 1169 1317 in·

279 1340 394 1421 quirem
408 1347 569 1405 ueritatem.

162 1427 202 1488 58
219 1425 267 1486 An
274 1424 601 1506 possitEuebaristiam
620 1428 748 1511 accipere
759 1473 767 1506 ,
779 1427 833 1510 qni
844 1426 1035 1503 iubitat‚an
1053 1422 1171 1508 aliquirl

276 1511 335 1574 cibi
346 1509 392 1574 uel
400 1517 488 1594 potis
506 1513 701 1596 deplutirerit.
1134 1522 1137 1525 ’

160 1598 200 1661 50
220 1595 317 1674 Quid,
332 1596 360 1654 si
375 1595 509 1671 dubitat,
533 1618 575 1661 an
594 1599 780 1681 deglutiverit
804 1609 874 1662 ante
891 1598 935 1662 vel
953 1606 1021 1678 post
1040 1596 1172 1671 mediam,

277 1686 400 1741 motem.

568 1848 689 1910 CAPUT
710 1848 762 1907 ΙΙΙ.

162 2025 205 2085 De
219 2023 394 2092 conscientie
407 2023 565 2105 probabili.
1045 2025 1170 2108 panib

161 2151 201 2210 40
221 2150 295 2224 Qua
310 2151 349 2211 sit
360 2149 537 2214 conscientia
556 2150 736 2232 probabilis,
749 2160 876 2236 quotque
897 2157 1104 2214 enumerentur
1122 2148 1172 2215 ‹li-

230 2275 237 2285 -
276 2250 367 2298 versa
380 2233 623 2315 probabilitatem
641 2237 759 2318 speeies.

160 2320 194 2379 44
220 2320 364 2395 Quanam
375 2318 415 2380 sit
425 2317 618 2401 probabilitas
628 2321 705 2403 faeti
711 2368 722 2401 ,
736 2330 765 2384 et
775 2341 913 2405 qrranam
919 2321 1013 2406 juris.

160 2405 199 2465 42
218 2405 392 2546 Numlquam
407 2401 473 2476 lieet
482 2405 530 2468 uti
542 2401 750 2489 probabilitate
762 2410 839 2490 sacti
850 2428 915 2472 eum
927 2406 1055 2493 periculo
1066 2409 1172 2472 domm

276 2489 410 2558 aterius.

160 2568 198 2636 45
217 2557 389 2644 'Quamnam
408 2573 574 2650 opinionem
588 2574 672 2655 sequi
684 2564 834 2635 teneamur
843 2578 875 2636 in
887 2575 1015 2636 neoterio
1026 2573 1109 2654 fideii

139 2728 141 2731 ι
160 2653 200 2713 44
220 2656 389 2729 Quarrrnam
404 2654 573 2735 opinionem
592 2659 677 2738 sequi
694 2657 794 2720 debeat
806 2659 943 2721 rnedieus.

159 2738 198 2798 45
218 2738 266 2797 An
274 2737 370 2817 possit
381 2739 429 2800 uti
442 2739 568 2800 remedio
582 2742 681 2805 ruinis
693 2750 765 2803 tnto.

159 2825 199 2883 40
221 2821 317 2899 Quid,
327 2821 357 2883 si
367 2822 540 2906 desperabas
556 2823 590 2886 de
602 2824 697 2890 salute
713 2826 839 2909 infirmi.

158 2908 196 2969 47
219 2908 388 2982 Quamnam
402 2908 569 2989 opinionem
585 2909 684 2972 debeat
698 2914 782 2996 sequi
787 2913 894 2994 judea.

158 2993 197 3052 48
218 2992 387 3069 Quamnam
397 2992 533 3061 minister
547 2995 581 3054 in
593 2992 746 3058 collatione
758 3006 1020 3065 sacramentorum.

157 3079 197 3136 49
220 3075 299 3151 Quiri
310 3077 339 3138 si
354 3077 608 3149 adsitneeessitos.

159 3161 197 3221 50
217 3164 266 3220 Aa
280 3159 367 3225 liceat
378 3164 426 3226 uti
437 3163 573 3246 opinione
581 3162 731 3246 probabili
745 3168 844 3249 quood
863 3170 1094 3235 contrabendum
1107 3193 1170 3236 rna·

274 3247 503 3321 trimonimn‚et
515 3248 614 3329 quoad
625 3249 864 3331 jurisdictionem
883 3254 1058 3337 confessarii
1064 3300 1084 3337 ,-
1096 3278 1169 3322 easu

273 3349 331 3412 quo
343 3333 538 3414 prasnmilur
554 3334 689 3416 suppleri
702 3337 738 3400 ab
752 3338 893 3403 Ecclesia.

160 3413 195 3475 bl
219 3413 266 3475 Aa
280 3414 358 3498 quod
375 3417 484 3483 ele’oitur
501 3417 535 3480 de
548 3419 804 3485 administratione
817 3435 1069 3490 sacramentorum
1088 3429 1166 3493 eirea

272 3517 361 3561 sesam
373 3501 523 3585 sententiae
536 3511 621 3582 lutee,
637 3504 714 3571 idem
726 3506 880 3573 dicendam
892 3511 933 3574 sit
943 3512 976 3576 ele
987 3514 1167 3596 susceptione

273 3594 535 3649 sacramentorum.
632 3629 637 3635 ·
