2617 4192
102 271 122 334 o
346 248 463 343 teta:
476 268 574 331 aaa.
586 266 871 331 noeaoeane
913 266 920 293 ⁵

84 418 86 423 -
100 362 281 435 Conscientia
298 367 441 453 perplexo
456 378 500 431 est
513 386 564 443 ea,
577 368 634 448 q'ud
650 369 716 447 quis
734 369 768 429 in
780 368 879 430 medio
894 367 1023 432 duorum
1033 388 1109 456 proe-

100 463 252 536 ceptorum
263 456 438 515 constitutus
449 472 567 533 peceare
580 453 691 525 credit,
705 470 920 532 quamcumque
933 464 1047 534 partem
1056 459 1110 518 eli-

100 549 150 622 gat
159 586 167 615 ‚
177 554 223 602 ern
241 559 287 621 gr.
298 540 323 598 si
335 540 401 617 quis
413 539 545 619 perjurio
555 545 651 618 posset
661 538 809 616 injudicio
819 556 936 600 servare
944 541 1036 602 vitam
1053 545 1109 615 rei,

101 635 174 688 etex
185 622 338 703 unaparte
350 634 508 702 angeretur
518 622 534 683 a
544 633 689 702 praecepto
705 623 856 702 religionis
865 632 936 684 'non
947 624 1109 703 pejerandi,

100 719 130 771 et
139 729 176 771 er
186 710 240 770 alia
249 709 362 788 (errore
373 706 515 786 ductuslb
528 716 673 787 praecepto
689 707 837 767 charitatis
848 726 916 785 erga
928 710 1109 787 proximum,

100 813 155 856 nec
173 788 320 855 resolvere
332 811 363 854 se
384 794 512 866 valeret,
536 794 680 870 quaeritur
693 794 764 871 quid
776 800 861 871 agere
879 794 998 855 deberet
1012 797 1043 856 in
1054 796 1110 857 hoc

80 884 190 949 ,casui
208 878 410 957 llespondetur
430 899 439 937 a
461 880 485 937 si
497 886 594 956 potest
606 878 751 938 actionem
769 879 969 957 suspendere,
992 887 1109 942 tenetur

101 964 182 1023 illam
202 959 338 1034 differre,
358 962 450 1022 donec
464 963 595 1022 consulat
607 963 772 1040 sapientes:
789 962 813 1020 si
834 961 906 1022 verb
930 964 1110 1042 suspendere

101 1048 244 1125 nequeat,
255 1055 371 1107 tenetur
382 1047 489 1123 eligere
502 1047 600 1104 minus
620 1048 752 1117 malum,
767 1046 888 1107 vitando
905 1046 1003 1125 potlirs
1015 1057 1109 1109 trans·

100 1133 279 1211 gressionem
285 1131 361 1210 juris
372 1128 513 1192 naturalis
523 1174 532 1201 ,
544 1129 633 1207 quim
645 1128 768 1189 humani
781 1174 789 1202 ‚
804 1139 855 1190 aut
875 1132 991 1208 positivi
1003 1133 1107 1192 divini.

101 1216 131 1274 Si
151 1227 334 1277 autemnon
359 1216 451 1293 possit
468 1214 632 1273 discernere
649 1214 791 1291 quidnam
803 1215 841 1273 sit
863 1215 963 1275 minus
979 1218 1107 1289 malum,

101 1301 262 1375 quamlibet
272 1306 384 1379 partem
395 1298 482 1376 eligat
494 1343 502 1370 ,
515 1316 575 1357 non
587 1306 686 1376 peccat
699 1342 707 1370 ‚
722 1301 791 1376 quia
804 1298 836 1358 iu
856 1296 1025 1375 hujusmodi
1043 1318 1108 1360 casu
1181 1296 1183 1298 ’

101 1385 182 1450 deest
192 1381 310 1443 libertus
320 1382 527 1443 necessariaiad
540 1390 692 1459 peccatum
704 1383 839 1442 formale.

139 1469 189 1528 ll.
203 1494 242 1512 --
265 1467 392 1545 Agamus
412 1464 460 1524 hie
480 1464 587 1526 ultimb
613 1466 650 1524 de
670 1467 845 1526 conscientia
861 1467 1052 1550 scrupuloso,
1073 1470 1110 1530 dc

101 1571 159 1631 qua
175 1551 340 1630 longiorem
352 1557 468 1629 oportet
482 1548 591 1610 habere
603 1569 781 1610 sermonem.
795 1553 979 1612 Conscientia
989 1573 1109 1633 scrupu-

101 1638 161 1699 losa
182 1645 225 1697 est
249 1655 303 1708 ea,
322 1654 387 1713 quae
404 1634 442 1695 ob
464 1636 539 1694 levia
558 1636 667 1694 motiva
691 1635 801 1712 absque
827 1637 995 1699 rationabili
1008 1638 1110 1698 lunda-

101 1729 202 1781 mento
218 1720 385 1799 (scrupulus
397 1720 477 1778 eninr
490 1729 536 1779 est
553 1720 647 1778 inanis
662 1719 866 1797 apprehensio)
885 1720 1113 1798 saepeformidat

101 1807 138 1868 de
153 1815 286 1886 peccato,
303 1806 354 1865 ubi
371 1804 472 1865 revera
496 1820 556 1864 non
569 1804 661 1863 adest.
682 1805 770 1881 Signa
788 1807 972 1868 conscientiae
989 1823 1112 1885 serupu-

101 1891 170 1952 losae
188 1890 250 1951 hoec
260 1899 329 1950 sunt
340 1911 348 1949 ε
360 1892 389 1949 l.
402 1890 563 1950 Pertinacia
576 1887 698 1965 judicii,
716 1888 775 1964 qua
785 1890 974 1966 scrupulosus
989 1892 1112 1969 sapien*

100 1981 166 2036 tum
179 1976 306 2036 consiliis
313 1971 416 2053 parere
422 1975 540 2045 renuit,
552 1974 648 2032 varios
662 1973 805 2043 consulit,
817 1973 868 2031 sed
881 1975 991 2033 nullius
1000 1974 1112 2053 judicio

98 2060 270 2137 acquiescit3
284 2057 343 2118 imd
360 2056 470 2134 quantb
489 2057 581 2134 magis
600 2057 699 2133 plures
708 2056 804 2126 audit,
823 2054 857 2115 eb
869 2058 936 2134 plus
953 2061 1111 2137 perplexus

99 2144 209 2206 evadit.
222 2144 253 2202 2.
272 2143 420 2217 Frequens
435 2139 539 2216 judicii
553 2141 678 2200 mutatio
694 2159 730 2201 ex
745 2140 856 2200 levibns
869 2141 1009 2216 motivis3
1030 2143 1110 2202 unde

100 2229 196 2288 oritur
210 2226 404 2286 inconstantia
419 2226 451 2284 in
474 2225 607 2303 agendo,
625 2230 792 2305 mentisque
809 2225 1005 2302 perturbatio,
1032 2246 1110 2306 pree·
1141 2244 1145 2251 ’

100 2310 248 2371 sertim'in
260 2308 478 2386 operationibus
494 2310 641 2382 externis,
654 2310 725 2389 puta
740 2313 772 2370 in
785 2310 979 2370 celebratione
991 2312 1088 2372 missae
1102 2355 1111 2384 ,

101 2396 132 2454 in
149 2393 291 2454 horarum
307 2391 499 2465 recitatione,
519 2402 570 2454 aut
587 2403 838 2455 sacramentorum
850 2394 1111 2470 administratione,

99 2479 147 2540 vel
158 2476 355 2557 perceptione.
369 2477 399 2536 5.
417 2477 533 2536 ‘Habere
545 2477 718 2538 reflexiones
735 2472 970 2555 impertinentes
981 2478 1112 2556 plurium
1204 2494 1205 2497 ’

101 2562 399 2632 circumstantiarum,
425 2556 491 2639 quae
508 2562 539 2620 in
557 2564 669 2622 actione
685 2563 855 2632 adfuerint,
871 2563 919 2621 vel
935 2562 1034 2621 adesse
1059 2579 1112 2639 po·

100 2654 232 2707 tuerunt.
261 2647 292 2705 l.
317 2646 510 2706 In‘omnibus
532 2646 692 2707 formidare
719 2645 757 2704 de
784 2653 921 2723 peceato3
955 2655 986 2705 et
1013 2653 1112 2705 mento
1193 2684 1195 2689 s

100 2728 213 2790 haerere
235 2739 335 2791 contra
352 2731 532 2808 sapientum,
550 2748 583 2789 ac
605 2731 694 2789 etiam
717 2730 876 2807 proprium
898 2728 1064 2806 judicium,
1084 2736 1114 2787 et

101 2814 167 2874 ideo
191 2831 353 2891 numquam
374 2823 544 2874 contentum
564 2831 624 2874 esse
646 2813 706 2872 und
733 2812 898 2872 confessarii
934 2813 1112 2882 assertione,

101 2898 153 2958 sed
179 2896 285 2979 sepius
305 2894 408 2958 eodem
429 2907 494 2958 actu
521 2898 659 2964 eumdem
691 2897 864 2973 exquirere,
883 2914 920 2955 an
944 2897 976 2956 in
1004 2896 1115 2974 agendo

98 2981 182 3060 juxta
195 2980 349 3043 consilium
361 2983 462 3042 datum
474 2982 649 3044 couscientia
660 3000 721 3041 esse
732 2981 824 3060 possit
836 2982 979 3040 immunis
993 2980 1115 3056 sculpat

140 3067 190 3126 la.
203 3096 243 3112 -
263 3066 401 3126 Remedia
429 3076 527 3125 autem
547 3084 602 3145 pro
627 3063 798 3141 hujusmodi
834 3066 1013 3142 'scrupulosis
1034 3063 1118 3122 adhi-

100 3147 276 3209 benda'sunt
292 3149 364 3210 haec.
379 3148 535 3227 Postquam
552 3149 742 3227 conlessarius
760 3165 796 3206 ex
809 3149 900 3227 signis
915 3147 1003 3226 supra
1024 3148 1118 3207 allatis

97 3229 160 3306 jum
179 3235 343 3310 perceperit
360 3230 553 3312 poenitentem
564 3250 625 3295 esse
640 3233 862 3310 scrupulosum,
879 3232 1052 3310 praescribat
1065 3233 1115 3291 ei:

101 3316 131 3372 l.
147 3317 184 3374 Ut
204 3315 478 3395 valdemari-litatis
506 3319 648 3376 virtutem
669 3314 767 3387 eolat,
787 3314 865 3394 saepe
883 3315 968 3373 enim
987 3317 1118 3393 scrupuli

100 3414 136 3456 ex
148 3400 292 3478 superbias
310 3401 384 3460 vitio
401 3400 674 3462 ortum'lrabent.2.
687 3404 725 3462 Ut
734 3410 832 3461 mreat
844 3399 860 3459 ὲ
874 3401 1001 3460 lectione
1025 3401 1118 3460 libro-

99 3495 168 3538 rum
187 3484 339 3558 scrupulos
355 3483 564 3560 excitantium,
595 3493 626 3545 et
644 3487 883 3563 scrupulosorum
918 3485 1116 3543 conversatio·

71 3598 74 3601 -
100 3575 168 3618 uem
191 3562 291 3621 evitet.
319 3564 348 3622 5.
372 3568 417 3624 Ne
441 3564 492 3624 diu
521 3577 654 3627 moretur
678 3570 709 3627 in
736 3568 870 3627 examine
908 3564 1113 3637 caristientiae·⁹

98 3641 260 3713 presertim
285 3645 359 3704 circa
389 3661 422 3702 ea
441 3645 473 3703 in
497 3649 604 3723 quilius
628 3652 725 3728 magis
746 3651 878 3711 ematur.
898 3651 940 3709 ’43
954 3652 1002 3711 Ut‘
1020 3650 1114 3728 fugiat
