2617 4192
183 163 235 240 viij

184 342 198 370 ι
216 336 297 376 nuum
319 337 410 376 omues
429 322 607 374 affirmativam
628 323 784 375 seutentiam
805 323 952 388 dixissent,
976 337 1004 381 et
1026 331 1087 383 verb
1108 332 1185 389 etiam

185 420 198 453 ι
217 406 265 457 boc
277 406 375 456 bonore
384 404 412 454 b.
419 402 581 466 alphonsum
593 405 706 468 augendi
718 406 928 458 studiosissimos
938 409 1185 472 scsedeclarasseut,

185 502 196 533 ι
215 487 268 537 ilos
283 484 416 536 abilactis
433 483 675 551 Filiisllpoatqlime
692 485 769 537 Sedis
787 486 901 538 liutariis
913 490 1017 552 publica
1033 493 1126 545 conici
1142 496 1185 544 io-

185 584 195 613 ι
215 573 357 618 strumenta
368 565 562 625 mandavimus,
574 575 601 617 et
609 566 802 619 venerabiiium
813 567 932 619 Fratrum
944 570 1067 634 sutfragia
1079 574 1186 626 Litteris

184 665 195 694 i
213 647 369 708 commissa,
391 660 421 698 ac
443 648 605 710 singulorum
620 661 699 699 manu
716 647 863 711 subscripta
881 650 908 698 in
928 650 1050 703 Ecclesiae
1065 652 1185 706 Romanae

184 744 194 773 l
213 728 352 779 Tabulario
365 729 492 780 custodiri
502 729 638 792 iussimus.
651 729 833 779 Verumtamen
846 730 861 779 b
872 730 1028 793 proterenda
1040 735 1068 785 io
1080 748 1109 786 re
1121 737 1185 786 tanti

184 826 194 854 ι
213 811 337 861 momenti
353 812 528 874 peremptoria
541 810 670 860 sententia
682 809 865 860 abstinendum
878 810 1016 874 duximus,
1029 797 1184 879 usquedum

183 905 193 933 ι
213 889 320 941 indictis
337 892 363 941 in
383 893 449 941 urbe
471 891 626 940 solemnium
645 891 806 952 ieiuniorum
826 892 938 953 dicbus,
961 902 1041 956 atque
1061 896 1186 947 Ecclesiis

182 985 192 1012 a
212 969 290 1020 etiam
307 971 341 1021 ad
353 970 553 1033 supplicandum
566 969 620 1019 beo
639 969 800 1032 designatis,
815 973 832 1021 a
847 972 948 1024 coelcsti
966 973 1042 1026 Patre
1058 975 1184 1028 luminum

181 1065 192 1094 ι
212 1051 346 1114 sapientire
356 1063 410 1100 suae
427 1048 515 1099 radios
531 1049 665 1111 copiosius
677 1049 884 1111 impetraremus.

214 1149 225 1178 s
245 1133 392 1182 Praestituta
413 1131 519 1183 taudem
536 1132 581 1182 die
596 1131 640 1182 vll
659 1130 788 1182 Kalendas
801 1132 923 1184 tuniuad
940 1134 1089 1196 praedictam
1104 1138 1185 1188 Cano

181 1212 369 1264 »nizadoucm
391 1212 420 1262 B.
441 1212 568 1276 alphonsi
572 1247 639 1261 .......
660 1213 771 1262 solemni
792 1214 844 1262 ritu
867 1215 1047 1266 celebrandam
1067 1215 1095 1267 iu
1113 1218 1185 1268 Vati-

180 1307 191 1336 »
212 1304 303 1342 cauam
321 1291 459 1342 Basilicam
471 1291 538 1342 festa
556 1304 650 1356 pompa
662 1293 794 1355 progressi
811 1305 901 1345 surmus
919 1295 976 1344 cum
989 1294 1103 1347 uniuersi
1117 1294 1184 1348 Cleri

179 1388 190 1417 ι
212 1370 274 1422 Saec.
285 1386 315 1424 ac
326 1372 417 1436 Regni.
428 1372 490 1423 ord.
502 1385 562 1423 curn
573 1372 694 1424 Romamn
704 1373 788 1424 Curiae
800 1381 826 1423 et
835 1375 905 1425 Arriae
922 1375 1020 1426 Nostrae
1030 1377 1185 1426 Proceribus
1278 1396 1279 1399 ¹

180 1469 191 1498 r
210 1459 237 1503 et
249 1453 425 1515 officialibus,
438 1453 552 1516 denique
563 1466 622 1505 cum
639 1453 771 1517 praedictis
781 1448 843 1505 Ven.
855 1455 989 1505 Fratribus
1004 1455 1030 1504 S.
1042 1455 1071 1505 li.
1084 1455 1115 1507 li.
1126 1457 1187 1506 Car·

179 1531 363 1597 »dinalibus,
387 1535 565 1600 Patriarcbis,
587 1535 795 1598 archiepiscopis
816 1543 844 1586 et
871 1535 1017 1599 Episcopis.
1040 1537 1185 1599 Antequam

179 1615 291 1665 »sacris
316 1616 449 1678 operaturi
472 1614 599 1665 adaram
622 1615 822 1677 accederemus,
845 1615 960 1666 Dilectus
988 1617 1069 1667 Filius
1091 1618 1187 1670 Noster

178 1694 328 1759 »aloysius
348 1696 428 1746 Tituli
450 1693 476 1745 S.
501 1695 601 1745 Callisti
620 1694 646 1744 S.
668 1694 697 1744 li.
721 1694 752 1744 tt.
773 1696 912 1758 Presbyter
934 1696 1080 1747 cardinalis
1106 1697 1186 1749 Lam-

179 1792 190 1822 »
209 1775 343 1826 bruscbini
359 1789 406 1841 per
417 1775 613 1829 Consistorialis
623 1775 695 1827 Aulae
705 1777 805 1826 Nostrae
813 1764 1079 1829 Advocatum'iterbm
1094 1792 1184 1842 preces

178 1873 189 1903 ι
209 1857 354 1909 humillime
372 1858 493 1909 exhibuit
511 1858 717 1910 Christianorum
735 1859 902 1921 Principum,
918 1858 1056 1910 Sacrorum
1074 1860 1183 1911 lintisti-

177 1956 188 1986 ι
208 1946 282 2001 tum,
300 1954 330 1991 ac
347 1941 521 2004 populorum,
534 1940 621 2002 ipsum
635 1940 664 1989 B.
676 1941 837 2001 alphonsum
854 1942 881 1989 iu
899 1947 1048 1991 sanctorum
1064 1939 1183 1991 ordinem

176 2037 187 2067 ι
206 2020 299 2071 referri
310 2023 513 2084 postulantium,
528 2031 559 2068 ac
570 2033 619 2069 nos
630 2021 657 2067 iu
669 2031 752 2079 genua
763 2020 893 2082 provoluti
902 2020 1058 2080 Angelorum
1067 2020 1182 2081 Gboros,

177 2117 189 2148 a
208 2102 366 2163 Coelitcsquc
386 2113 476 2150 omnes
495 2097 628 2159 deprecati
645 2111 753 2156 sumus,
767 2099 848 2147 Nobis
869 2106 898 2147 ut
917 2097 1025 2160 propitii
1041 2097 1182 2159 adessent,

177 2180 269 2230 »dein
290 2180 323 2231 ad
340 2180 448 2231 iteratas
468 2179 607 2229 instantias
630 2175 757 2240 Spiritum
779 2176 939 2228 Paracletum
956 2178 1041 2229 enixis
1060 2180 1184 2244 precibus

177 2277 188 2307 ι
208 2260 402 2310 obsecravimus
412 2297 420 2320 ,
431 2265 462 2309 ut
472 2266 586 2308 mentem
602 2264 718 2308 uestram
729 2256 887 2308 definitivam
908 2260 1063 2313 seutentiam
1073 2259 1183 2324 iamiam

176 2362 188 2392 r
208 2343 368 2407 prolaturam
387 2343 483 2392 virtute
503 2339 551 2390 sud
573 2339 748 2391 confirmaret.
770 2340 904 2392 Postremo
922 2342 956 2391 ad
978 2341 1183 2395 instantissimas

177 2443 187 2472 ι
208 2435 299 2488 preces
310 2425 400 2474 Causae
412 2423 584 2474 Postulatoris
594 2455 602 2483 ,
614 2428 692 2484 atque
704 2420 771 2472 adeo
787 2422 818 2473 ad
832 2422 957 2473 uniuersa
970 2422 1090 2474 Ecclesiae
1106 2429 1181 2484 vota,

176 2523 188 2553 s
208 2510 286 2567 atque
298 2505 331 2555 ad
349 2504 578 2563 accuratissimus,
597 2515 655 2566 quae
673 2504 706 2553 de
719 2510 791 2555 tanto
808 2505 913 2567 negotio
932 2505 1058 2555 institutae
1077 2510 1181 2565 essent,

175 2604 187 2634 r
206 2587 377 2650 questiones,
393 2593 421 2637 et
433 2585 570 2636 Sacrorum
584 2584 736 2636 dutistitum
746 2585 884 2647 sutfragia,
895 2597 953 2649 quac
963 2585 1016 2636 beo
1028 2584 1181 2648 adiurante,

175 2667 346 2727 »tulisseut,
369 2667 484 2718 animum
511 2666 694 2725 advertentes,
726 2668 881 2718 auctoritate
906 2664 1077 2728 apostoliea,
1102 2677 1182 2727 quam

175 2764 186 2794 ι
206 2747 234 2797 Β.
248 2748 319 2798 Petri
332 2748 517 2810 apostolorum
531 2746 661 2810 Principis
680 2747 707 2797 iu
727 2760 849 2810 suprema
865 2746 985 2797 Ecclesia
997 2745 1181 2810 procuratione

175 2828 268 2880 »licet
287 2828 417 2878 immerito
442 2827 610 2878 successores
631 2828 803 2886 obtinemus,
827 2827 855 2876 in
881 2826 1008 2877 bonorem
1032 2823 1131 2873 Sanctae
1152 2832 1182 2875 et
1225 2859 1230 2868 .

138 2939 140 2943 ,
175 2928 186 2958 ι
207 2909 349 2960 individuae
359 2908 511 2969 Trinitatis,
524 2908 551 2956 iu
564 2905 703 2957 (iatbolicae
715 2907 805 2968 Fidei,
816 2913 844 2956 et
855 2904 999 2968 Religionis
1010 2902 1181 2966 splendorem

174 3007 185 3037 n
206 2998 233 3041 et
257 2992 354 3052 decus,
376 2992 518 3041 solemnem
536 3001 566 3038 ac
582 2987 756 3039 decretoriam
774 2986 931 3039 seutentiam
952 2986 1072 3036 Nostram
1094 2984 1182 3047 proie-

175 3088 186 3118 ι
205 3081 310 3132 rentes,
325 3073 523 3136 sulphureum
536 3069 643 3122 Mariam
662 3069 696 3120 de
715 3070 821 3137 ligerio
839 3068 1038 3120 christianarum
1054 3065 1181 3118 uirtutum

174 3169 185 3199 ι
205 3153 262 3202 luce
279 3163 518 3216 coruscantem,ac
535 3152 715 3216 prodigiorum
732 3152 800 3202 lama
816 3150 1016 3202 celeberrimum
1027 3148 1183 3200 Sanctorum

175 3232 387 3286 »consessorum
411 3237 564 3288 Pontificum
587 3248 697 3287 numero
720 3233 923 3298 adscripsimus,
947 3231 1058 3295 eiusque
1079 3238 1181 3278 momo-

69 3323 80 3330 ‘
114 3308 117 3315 '
175 3333 186 3362 s
206 3315 271 3364 riam
282 3315 314 3365 lv
325 3314 411 3365 Nonas
423 3316 532 3379 Augusti
545 3316 579 3366 ab
589 3314 705 3366 Ecclesia
716 3315 835 3364 uuirersa
847 3311 983 3364 colendam
994 3308 1143 3360 statuimus.
1166 3320 1178 3353 a

162 3435 182 3469 ι.
206 3394 264 3444 ilaec
285 3401 360 3454 suut,
379 3406 436 3456 quae
457 3395 491 3445 de
515 3395 568 3444 rita
589 3395 708 3444 Auctoris
728 3392 838 3444 dicenda
862 3403 922 3442 esse
940 3389 1096 3452 putarimus.
1113 3384 1179 3446 cui,

173 3474 228 3536 jum
249 3485 348 3536 qutcso,
372 3473 494 3536 scriptori
521 3485 608 3524 rerum
631 3472 770 3523 moralium
792 3472 826 3522 ab
851 3471 909 3534 ipsa
926 3469 1047 3520 universa
1062 3466 1180 3517 Ecclesia

172 3553 299 3608 catholica
323 3553 402 3606 tantis
430 3554 575 3606 bonoribus
598 3553 731 3616 tantisque
747 3551 873 3604 laudibus
890 3547 1018 3603 cumulari
1035 3545 1181 3628 extollique
