2617 4192
156 260 205 323 exij
547 253 757 308 demulationis

159 361 169 392 t
189 346 435 398 clauumuannat
445 344 567 396 virtutem
576 344 659 410 ipsam
670 345 913 410 religionis,actnrn
924 343 1085 398 adutationis
1096 345 1157 409 ltoi,

161 437 170 461 ι
191 418 387 478 tortitudinem,
406 414 590 480 prudentiam,
607 417 756 480 iustitiam,
777 418 990 481 temperantiam,
1013 418 1110 484 quibus
1128 423 1157 470 in

160 509 169 537 ι
191 492 241 542 rita
252 491 318 541 nihil
330 497 372 542 est
381 490 475 541 melios
487 490 645 541 hominibus.

192 564 287 615 tiiolc
310 570 395 614 autem
417 562 541 614 axiomati
561 562 685 622 innixus,
707 559 771 626 quid
792 573 846 612 non
867 561 937 613 inter
958 561 1059 615 leuues
1083 565 1157 616 male

161 656 170 681 ι
190 637 291 687 arboris
304 635 465 700 computabit
478 634 588 699 posteat
599 636 684 698 Atque
695 635 758 685 sliu
774 634 833 697 ipso
844 633 968 698 ingressu
978 635 1016 686 lta
1027 637 1155 701 cespitat,

159 724 169 755 ι
189 707 251 773 quid
268 706 425 773 sperandum
437 706 470 759 de
487 720 626 771 progressu
637 707 700 758 iibri
713 707 740 757 in
751 718 804 770 quo
816 705 903 758 uidere
917 712 958 759 est
970 720 1057 761 rerum
1072 710 1157 763 collu-

159 800 168 829 ι
189 782 275 841 rium,
293 780 433 832 sententiar
449 781 464 831 a
480 780 585 843 propria
601 779 665 833 sede
682 778 796 843 dejectas
813 785 947 830 auctorum
965 792 1072 835 sensum
1086 795 1156 846 sape

159 872 169 900 ι
189 866 239 905 non
258 852 415 913 reddentes,
433 851 571 903 uerborum
591 851 725 913 salebras,
745 851 896 903 reticentiae
913 850 1077 915 (lullonum,
1098 868 1156 919 qua

158 944 168 973 ι
188 927 364 977 difficultatem
388 935 456 987 sepe
479 924 622 983 tollerent,
648 924 826 977 columbarum
847 924 1031 988 uexationem,
1054 927 1156 978 caium-

159 1017 168 1049 ι
189 1000 288 1050 uiarum
309 997 405 1049 seriem
423 995 514 1046 ordine
535 995 682 1058 digestam,
704 1003 734 1046 ut
754 1009 806 1047 non
829 997 924 1049 mirum
946 996 999 1057 alt,
1022 1006 1156 1051 auctorem

159 1091 168 1116 t
189 1073 248 1122 talis
265 1078 354 1134 satyros
365 1080 458 1118 nomen
472 1081 548 1118 suum
564 1068 688 1118 tacuisse.
701 1067 728 1117 Si
744 1069 782 1118 ita
798 1080 842 1119 res
858 1081 929 1125 sese
942 1068 1155 1131 caeercituum

159 1163 167 1188 r
189 1150 277 1208 posset
293 1143 349 1206 ipse
368 1140 485 1198 demon,
500 1139 525 1189 si
541 1139 623 1191 libros
637 1139 745 1200 ederet,
757 1140 898 1203 potentiori
914 1140 1037 1193 methodo
1057 1145 1156 1205 peccati

159 1235 167 1262 ι
191 1227 297 1279 reprensa¹
308 1214 423 1277 erigere,
435 1223 512 1274 quam
523 1211 562 1262 sic
572 1211 700 1275 principia
710 1211 797 1264 omnia
808 1220 972 1276 peecatorum
983 1213 1156 1278 stabiliendo,

158 1308 168 1336 u
188 1287 301 1338 remedia
320 1284 406 1336 omnia
423 1282 574 1334 eorumdem
587 1292 752 1347 peccatorum
763 1283 939 1343 destruendo,
952 1292 979 1335 et
996 1286 1030 1336 ad
1040 1288 1157 1349 particu-

158 1380 167 1407 ι
188 1362 256 1410 iares
269 1369 393 1422 personas
404 1353 600 1414 descendendo,
611 1369 822 1420 unumquemque
833 1359 849 1408 a
859 1357 971 1420 propria
987 1357 1157 1427 obligationis

157 1452 166 1481 ι
187 1430 340 1482 executione
353 1428 432 1478 rarlis
447 1425 557 1478 fallaciis
569 1427 734 1480 dimouenda.
743 1430 777 1480 At
787 1429 811 1479 si
826 1422 956 1481 credimus
969 1429 1067 1482 homini
1078 1431 1156 1483 inne·

157 1524 166 1550 ι
187 1505 296 1563 minato,
313 1498 411 1553 ioedere
425 1499 509 1563 iuncti
526 1508 587 1551 sunt
597 1498 724 1564 Theologi
742 1501 871 1561 morales,
884 1509 913 1552 ut
923 1500 995 1561 idenr
1005 1502 1156 1571 moliantur.

157 1597 165 1625 ι
186 1577 248 1639 Quis
259 1575 309 1628 hoe
323 1573 375 1626 sibi
392 1573 550 1637 persuadere
562 1574 666 1626 valeat?
680 1575 744 1636 Quis
761 1575 789 1624 in
804 1581 916 1625 mentem
933 1573 1155 1644 inducere,quod

156 1669 166 1696 ι
185 1647 310 1711 ‘lireologi
329 1659 364 1697 er
386 1645 455 1696 omui
477 1652 550 1708 parte
567 1645 676 1712 Europa.
695 1649 723 1697 in
743 1647 793 1697 hoc
809 1647 974 1710 conspirent,
992 1654 1022 1717 ut
1041 1648 1157 1715 uniuersi

157 1722 257 1774 sorbis
277 1719 395 1771 homines
417 1718 444 1768 in
468 1718 535 1769 lanis
556 1714 673 1770 moribus
693 1725 910 1785 corrumpantur,
934 1731 1045 1782 quorum
1068 1721 1157 1783 potius
1217 1728 1220 1733 ’

158 1815 166 1842 r
186 1794 261 1845 labor
277 1790 382 1843 assidue
396 1791 423 1840 in
443 1789 492 1842 iroc
510 1790 688 1854 impenditur,
708 1798 737 1842 ut
756 1790 905 1841 destruatur
922 1802 1017 1854 corpus
1037 1794 1170 1854 peccati,

157 1887 166 1915 ι
185 1874 213 1920 et
233 1865 267 1917 sit
287 1865 330 1915 hic
346 1863 450 1931 nucius,
467 1863 568 1924 omnis,
588 1870 618 1915 ut
638 1863 769 1914 auferatur
787 1861 941 1926 peecatum?
956 1862 988 1913 iit
1004 1875 1064 1914 rere
1088 1864 1155 1915 iilud

157 1957 167 1985 ι
186 1939 322 1990 destruunt
333 1936 360 1986 in
377 1948 406 1987 se
422 1935 489 1999 ipsis
505 1933 589 1999 primo
607 1947 654 2000 per
671 1936 853 1987 meditationes
868 1933 1052 1998 quotidianas,
1068 1937 1157 1988 studia

54 2002 59 2009 “
157 2031 166 2057 ι
187 2017 329 2076 perpetua,
345 2015 372 2058 et
387 2008 468 2058 muita
486 2008 645 2070 poenitentlae
663 2021 743 2072 opera
762 2008 815 2058 ileo
834 2015 913 2068 nota,
931 2008 1155 2072 quihus'peccata

156 2089 336 2146 »purgantur
358 2080 406 2140 Qui
433 2086 537 2142 peccata
557 2079 702 2141 ,destruunt
727 2080 755 2130 in
779 2079 903 2131 fidelibus
929 2092 976 2144 per
1001 2079 1155 2132 instructio-

156 2167 260 2212 »nem,
283 2150 452 2213 catechesim,
474 2151 652 2213 relictionem,
672 2151 897 2217 predicationem,
914 2160 942 2203 et
966 2165 1157 2218 quemcumque

155 2247 165 2274 ι
184 2223 290 2277 modom
309 2224 436 2286 aptiorem
456 2223 488 2273 ad
510 2225 623 2275 tollenda
641 2226 732 2276 mundi
753 2233 873 2289 peccata,
884 2232 1018 2289 quamtum
1035 2225 1092 2276 deri
1109 2240 1155 2290 po·

156 2320 165 2346 t
187 2304 255 2357 test,
272 2294 389 2359 depulsis
411 2295 562 2359 ignorantie
588 2298 712 2349 tenebris.
731 2298 944 2361 Quandoquidem
963 2311 1012 2348 vox
1029 2305 1070 2350 est
1089 2299 1155 2351 Pro·

155 2390 164 2419 t
184 2369 286 2435 phetae3
307 2367 426 2418 licceat
448 2365 563 2419 reiectio
585 2367 636 2419 Dei
654 2369 780 2421 interra
798 2383 808 2419 .·
826 2366 1155 2439 meledictum,etutett-

155 2462 164 2489 t
184 2436 294 2495 dacium
304 2475 312 2498 ,
324 2442 350 2491 ei
362 2437 485 2506 turtum,
502 2443 528 2492 et
541 2437 712 2493 adulterium
730 2440 947 2495 inundaverunt.
960 2442 1073 2503 Quorum
1084 2442 1155 2494 deni·

79 2568 81 2571 ,
155 2526 236 2579 »que
257 2513 329 2564 zelus
351 2510 383 2561 ad
407 2517 521 2567 extrema
546 2512 637 2564 mundi
660 2528 689 2565 se
710 2514 837 2578 porrigit,
856 2521 888 2565 ut
904 2513 984 2565 etiam
1006 2514 1156 2566 destruatur

80 2617 88 2640 t
155 2606 165 2635 r
185 2594 318 2653 peccatum
335 2585 362 2635 in
379 2584 546 2646 infidelibus,
565 2586 598 2637 ad
614 2599 682 2651 quos
697 2594 830 2651 tamquam
846 2586 894 2636 riri
909 2587 1053 2651 apostolici
1070 2586 1155 2639 desti·

155 2678 165 2707 ι
185 2667 288 2712 uantur.
302 2658 383 2720 Quam
395 2658 472 2722 longe
484 2658 538 2708 haec
549 2658 640 2710 dissita
653 2666 714 2710 sunt
723 2659 757 2710 ab
771 2658 932 2709 innominato
942 2666 1065 2718 centone,
1076 2671 1154 2724 quent

154 2748 165 2780 ι
182 2739 304 2784 excutere
325 2731 408 2794 magis
426 2731 613 2793 cogitaveram,
630 2745 678 2783 nee
693 2744 774 2795 pauca
793 2731 827 2782 ad
844 2730 873 2782 id
890 2729 983 2783 idonea
1000 2735 1090 2794 parata
1106 2732 1155 2783 ira-

154 2806 279 2857 »bebam
298 2814 330 2854 ex
350 2803 420 2854 varia
441 2803 573 2862 lectione,
594 2811 622 2856 et
642 2804 782 2857 collatione
805 2804 938 2863 iocorum,
958 2802 992 2869 ad
1012 2802 1153 2854 tollendam

154 2878 301 2938 riarium,
323 2889 375 2940 qua
396 2877 548 2939 obtegitur,
570 2877 622 2927 nisi
643 2877 714 2941 quod
736 2876 824 2927 uerius
844 2876 883 2927 iiii
904 2876 1023 2939 adaptari
1045 2883 1154 2939 potest,

125 2995 127 3000 .
155 2965 262 3018 ‚qoam
281 2949 429 3013 theologiae
451 2950 559 3011 lioraii,
581 2950 609 3000 in
629 2963 708 3013 quam
731 2949 856 3010 desuerit,
878 2948 944 2999 iilud
967 2949 997 2999 1).
1016 2949 1154 3011 augustini

154 3026 252 3077 susal.
274 3022 316 3075 ἓξ.
341 3019 453 3073 Talibus
475 3019 558 3072 mulie
585 3021 676 3088 suopte
698 3019 808 3088 prodici
831 3019 964 3086 penitus,
991 3031 1026 3071 uc
1049 3018 1151 3087 fletur.

153 3117 163 3144 t
185 3109 270 3165 quom
287 3092 397 3161 proluar·
419 3091 644 3146 illudebantur.
664 3095 727 3146 llam
745 3101 773 3146 et
792 3095 830 3145 sic
849 3106 881 3144 ex
900 3090 1025 3144 omatibus
1037 3093 1154 3156 antiquis

154 3189 163 3218 ι
184 3168 352 3229 doctoribus,
375 3166 509 3229 seligendo
529 3180 560 3217 ea
579 3167 683 3228 solum,
700 3179 758 3231 quae
780 3167 807 3216 in
829 3166 897 3229 ipsis
913 3164 1055 3215 infirmiora
1075 3173 1150 3226 suut,

153 3261 163 3289 ι
182 3242 262 3294 cento
278 3240 412 3302 impurus,
431 3239 536 3290 clodio
556 3239 693 3291 habendus
712 3239 890 3291 conficeretur.
907 3237 1036 3288 Hactenus
1054 3237 1119 3288 eati.
1139 3253 1150 3282 ι

183 3316 228 3368 lli.
244 3312 337 3366 llirom
359 3318 417 3372 est,
434 3312 518 3363 uirum
540 3311 645 3364 doctum
664 3313 811 3373 liontaltii,
831 3324 879 3363 seu
896 3309 1028 3362 Paschalis
1049 3309 1152 3361 litteras

150 3383 355 3449 praetermisisse.
369 3383 404 3434 Ut
423 3384 494 3434 enim
510 3385 548 3434 liae
563 3385 717 3448 prodierunt
734 3386 762 3435 in
779 3384 878 3444 lucem,
895 3381 928 3433 ad
946 3393 1017 3432 arura
1033 3381 1152 3443 undique

149 3466 239 3508 contra
254 3455 386 3506 casuistas
397 3456 534 3506 clamatum
549 3463 590 3507 est
606 3464 659 3508 ium
676 3458 709 3507 ab
720 3456 884 3508 ianseoianls
896 3454 1018 3505 omnibus
1027 3488 1035 3513 ,
1045 3464 1152 3503 eorum-

56 3554 67 3571 .
149 3540 201 3588 que
216 3524 341 3584 asseclis,
359 3533 414 3574 tum
433 3527 604 3577 acatholicis
622 3529 799 3591 quibusdam,
817 3527 990 3577 Dominicanae
1007 3527 1150 3587 presertim

149 3596 280 3651 Familiae,
302 3595 494 3656 contenanum,
511 3598 644 3648 Vincentio
666 3600 798 3658 Barouio,
818 3597 902 3647 Natali
919 3595 1075 3647 Alexandro.
1095 3595 1151 3656 Qua

149 3664 182 3716 de
198 3678 227 3716 re
244 3664 302 3713 ride
318 3664 453 3714 historiam
472 3668 670 3719 Prouincialium
687 3672 768 3735 (tomo
784 3685 802 3722 ι.
817 3669 967 3722 earumdem
986 3667 1151 3722 celeniensis
