2617 4192
382 243 873 330 &arliocomenus
1084 254 1123 327 13

111 346 1124 439 positivum.!i'a9otimeat‚qrraueloaxnautraparteeecmna

110 440 240 502 rationes
257 432 423 514 probabllu
439 475 447 505 ,
459 432 512 492 secl
523 429 640 492 tantbm
653 432 742 491 laves.
754 430 991 505 Mammea,
1004 435 1123 510 quando

110 532 304 605 pronamque
319 525 435 597 parte„
448 516 674 594 vclaaltempro
694 533 752 576 uua
764 515 844 587 adest
857 518 1121 594 mvemotivona,

108 609 254 669 sufficiens
272 603 309 663 ad
320 601 505 663 formandam
527 600 734 661 censcientiam
747 598 950 677 probabilem
965 598 1035 662 licat
1053 620 1123 667 eum

109 690 267 753 formidine
284 686 322 747 dc
345 685 501 764 opposito3
520 682 589 744 ideb
608 683 734 742 dubium
754 682 912 760 positivum
926 681 988 745 iarb
1005 701 1123 764 semper

109 774 247 836 coincidit
270 779 340 832 cum
363 769 504 849 opinione
520 766 689 849 probabili,
711 765 749 827 de
764 784 822 845 qua
836 767 868 828 in
886 768 978 848 captu
992 770 1124 852 sequenti

107 860 274 937 loquemur.
1151 928 1154 940 ι

146 947 197 1006 bl.
215 974 256 990 -
274 938 389 1004 Deindb
407 936 550 1003 dividitor
565 936 692 1001 dubium
711 936 744 1001 io
762 937 990 1016 speculativum,
1008 944 1039 1002 et
1053 956 1122 1021 pra-

107 1030 227 1092 cticum.
244 1022 461 1108 apeertarieum
477 1032 539 1095 est,
558 1041 617 1101 que
638 1023 705 1101 quis
727 1021 842 1083 dubitat
859 1022 897 1083 de
915 1024 960 1084 rei
978 1026 1119 1105 renota,

106 1132 138 1175 v.
153 1132 183 1192 g.
197 1131 236 1173 arr
251 1110 363 1171 Mum
376 1107 494 1185 aliquod
507 1107 547 1171 ait
554 1105 690 1183 juratum,
705 1107 752 1177 val
769 1104 912 1183 injustum
925 1126 933 1167 ε
948 1126 987 1169 an
997 1109 1122 1190 pingere

105 1197 155 1258 die
168 1189 725 1272 fetosuupusservne‚ve1ubenlez
745 1207 784 1251 an
795 1189 1033 1268 baptismnscum
1044 1212 1120 1272 aqua

105 1280 241 1342 distillata
254 1280 293 1340 sit
304 1276 438 1350 validus,
457 1275 639 1349 catnellas,
658 1283 695 1336 et⁴
708 1274 826 1335 similia.
839 1275 1006 1336 Praeticom
1020 1286 1120 1341 autem

105 1365 228 1426 dubium
243 1370 307 1437 cst,
330 1376 390 1440 quo
405 1359 608 1421 dubitaturda
628 1360 673 1420 rei
691 1357 860 1431 honestate,
879 1376 910 1419 r.
929 1376 1034 1443 grean
1050 1361 1118 1423 licet

104 1446 178 1510 milri
198 1449 231 1508 in
250 1448 303 1509 tali
324 1445 403 1507 bello
422 1442 514 1505 dubia
530 1442 612 1521 josto
633 1443 762 1504 militare
780 1463 797 1502 ε·
811 1459 850 1502 on
870 1440 925 1504 bae
944 1442 994 1504 die
1014 1444 1117 1506 iestim

105 1534 249 1613 pingerer
265 1551 304 1593 an
323 1530 404 1591 bunc
417 1547 547 1610 puerum
566 1547 582 1588 a
603 1528 642 1589 ua
663 1526 802 1588 distillata
821 1526 976 1607 baptizare.
995 1529 1118 1613 Semper

103 1607 202 1694 iiaque
212 1615 456 1695 distinguendum
468 1548 604 1674 aarum}
618 1612 718 1688 licito;
735 1611 860 1671 dubium
883 1613 964 1673 enim
985 1616 1116 1692 specula-

103 1700 217 1772 tivum,
231 1698 301 1760 lieet
312 1701 345 1760 in
357 1699 499 1777 obliquo,
518 1704 549 1757 et
561 1693 662 1775 potiris
681 1703 892 1772 eonsequenter
908 1695 1043 1776 respiciat
1052 1698 1118 1759 lici·

103 1792 189 1856 tum,
207 1792 306 1844 tamen
326 1784 358 1844 in
377 1792 476 1857 recto,
497 1790 528 1843 at
545 1780 748 1860 principaliter
771 1779 982 1858 speculativum
998 1782 1117 1862 respicit

101 1872 227 1941 verum,
241 1868 402 1946 practicam
416 1875 514 1927 autera
524 1866 644 1944 respicit
655 1866 782 1927 licitum.
904 1896 907 1901 «
1047 1874 1052 1877 ’

141 1953 193 2012 22.
208 1983 248 1995 ·—
264 1953 315 2010 llis
332 1951 452 2028 positis,
473 1949 598 2010 dicimus
616 1952 640 2010 l.
654 1966 819 2027 numquam
838 1966 899 2009 assa
915 1947 1028 2010 licitum
1046 1968 1115 2014 cum

102 2035 280 2098 conscicntia
290 2030 516 2114 practicbelubin
525 2033 640 2112 operari
651 2055 660 2111 3
670 2042 699 2095 at
709 2032 1113 2113 casuquoaliquisoperatur,

99 2130 219 2199 peceat,
232 2129 262 2181 et
273 2119 392 2198 quidem
401 2127 519 2199 peccate
530 2116 661 2196 ejusdem
674 2118 778 2197 speciei
790 2126 820 2178 ct
831 2117 980 2198 gravitate
990 2163 998 2187 ‚
1007 2119 1044 2180 de
1054 2139 1114 2200 que

99 2206 235 2282 dubitat3
254 2205 323 2283 quia
343 2204 395 2283 qui
414 2223 447 2269 se
464 2204 587 2284 exponit
605 2204 736 2282 periculo
748 2203 904 2283 peccandi,
922 2199 984 2280 jam
995 2214 1111 2349 peccat,

96 2287 180 2366 juxta
198 2290 294 2351 illud:
313 2289 374 2366 Qui
390 2297 474 2350 emat
488 2285 673 2371 periculum,
690 2289 724 2348 in
742 2283 794 2348 atta
806 2286 924 2369 peribit.
937 2289 994 2348 Ece
1006 2289 1028 2351 i.
1041 2309 1066 2352 c.
1080 2292 1110 2352 5.

97 2372 145 2447 j.
155 2376 204 2434 at.
213 2376 310 2450 Quare
318 2375 343 2434 si
353 2373 484 2446 dubitat,
497 2391 535 2433 an
545 2371 619 2432 illud
628 2373 666 2431 sit
675 2372 817 2443 mortale,
829 2372 992 2434 mortaliter
1001 2385 1111 2453 peceat.

137 2460 187 2519 25.
199 2492 237 2503 -
247 2457 328 2532 Quid
341 2458 366 2518 si
381 2458 453 2518 sciat
464 2457 551 2536 quis,
566 2455 680 2534 aliquid
691 2474 754 2516 csse
768 2456 898 2530 malum,
915 2456 967 2517 aad
976 2457 1110 2531 dubitat,

96 2556 136 2602 an
154 2543 192 2603 sit
203 2543 348 2615 mortale,
369 2550 421 2602 aut
432 2542 568 2614 veniale,
586 2549 698 2603 etcum
710 2542 762 2602 tali
773 2540 863 2601 dubio
875 2544 1034 2619 operatur?
1052 2544 1110 2603 Alii

96 2636 215 2690 censent
230 2627 312 2689 bunc
323 2645 443 2707 macore
453 2627 581 2708 graviter
591 2625 638 2687 vcl
648 2626 770 2698 leviter,
782 2635 870 2705 prout
878 2625 910 2686 in
922 2623 1017 2704 specie
1029 2625 1112 2704 objc-

95 2719 177 2773 ctum
188 2713 297 2791 peceati
306 2721 459 2790 balpare,
471 2719 522 2773 aut
534 2710 608 2771 lere.
621 2713 665 2771 lta
679 2712 811 2792 Vuaquez
820 2754 828 2780 ‚
837 2707 979 2781 Soacbcz,
990 2716 1041 2768 ete.
1051 2710 1110 2771 Alii

95 2812 165 2854 eum
176 2798 266 2858 Azor.
283 2798 396 2857 Borrae.
412 2791 580 2876 Cestropol.
595 2802 647 2855 ete.
662 2802 768 2872 putant
783 2808 898 2870 semper
909 2808 1027 2869 peecare
1042 2811 1110 2871 gra-

95 2879 185 2939 viter.
199 2880 256 2940 Alii
267 2880 387 2941 undana
398 2898 468 2941 cum
480 2882 597 2942 Nouae.
614 2877 733 2942 Valeat.
745 2874 879 2941 Greoaal.
894 2884 924 2938 et
933 2872 1002 2938 aliia
1011 2873 1110 2957 ptari-

97 2963 156 3022 azia
165 2962 233 3022 satis
243 2964 434 3041 probabiliter
443 2973 545 3025 tenent
555 2962 671 3025 tantiam
678 2963 832 3023 venialiter
841 2979 974 3042 paccare,
985 2962 1009 3021 si
1018 2960 1107 3024 borno

95 3045 148 3106 ille
164 3043 288 3106 minimi
303 3047 429 3110 advertit
443 3066 499 3110 nac
513 3048 603 3110 etiam
621 3048 655 3108 in
673 3047 793 3107 confuso
810 3045 847 3106 ad
862 3045 1026 3125 perieulum
1040 3064 1108 3124 gra·

94 3130 174 3190 viter
193 3130 350 3208 peccandi,
370 3151 465 3211 neque
485 3133 522 3194 ad
543 3133 751 3212 obligationem
769 3148 834 3191 rem
855 3126 1057 3204 examinandi,
1077 3138 1108 3190 et

94 3211 187 3275 moda
201 3212 347 3289 objectum
359 3232 420 3277 non
431 3217 467 3277 sit
479 3213 558 3278 eerti
570 3234 622 3296 per
634 3234 666 3275 se
678 3224 826 3294 peecatum
839 3231 927 3293 grave
937 3234 946 3273 a
956 3212 1105 3288 adderem,

93 3297 184 3360 modi)
201 3298 290 3359 amm
306 3297 396 3361 bomo
412 3301 451 3361 sit
465 3303 610 3364 umoratae
626 3300 820 3361 eonscientiae.

129 3383 180 3442 24.
200 3414 241 3427 -
258 3374 316 3456 Q'ui
333 3383 487 3463 igiturest
505 3382 631 3464 practice
648 3383 757 3443 dubius
778 3384 854 3444 circo
872 3381 1000 3461 aliquam
1015 3380 1105 3444 actio·

46 3475 49 3483 '
92 3481 180 3540 nana,
202 3464 289 3527 debet
308 3468 413 3546 utique
434 3467 518 3547 priris
539 3468 664 3528 dubium
684 3468 832 3546 deponere
851 3485 905 3547 par
926 3467 1105 3547 principium

90 3546 221 3625 certum,
231 3552 279 3613 vcl
288 3550 435 3613 reflexum
445 3553 482 3613 de
491 3551 642 3615 bonosula
650 3553 772 3614 actionis
784 3552 880 3625 illius,
890 3552 974 3631 juxta
986 3552 1017 3612 id
1025 3551 1106 3630 quod

91 3650 271 3779 cuppanem?
282 3636 316 3699 in
327 3635 532 3699 &accubens
542 3637 588 3698 de.
600 3654 657 3698 usu
666 3636 814 3716 opinionis
825 3637 1004 3717 probabilia;
1015 3633 1104 3699 modo

157 3736 216 3779 orn.
252 3760 259 3780 .
928 3722 948 3782 9.
