2617 4192
155 234 204 274 cn
265 254 273 266 ι
540 213 749 270 Dbmtctiontt

156 325 168 358 ι
187 300 596 365 ιιιιοιιιιιιιιιιιιιιῐῖιιῑιιια.
608 302 683 371 quod
694 296 838 356 oerocldc
850 300 1157 369 conresurgendum

153 380 196 433 ita
217 379 335 447 contuso
354 383 420 432 tunt
436 376 549 445 judicic
571 377 649 432 circo
667 375 860 444 penitentium
878 375 911 428 io
929 373 1155 442 Prubgtcrorum
1215 370 1220 378 “

153 456 315 505 nostrorum
332 449 489 520 opusculis,
505 455 588 517 nique
600 447 643 501 ito
658 449 780 506 diruta,
791 451 817 500 ct
827 447 902 501 iuter
912 461 940 499 tc
950 446 1154 513 discrepantia,

153 530 181 578 ct
201 523 310 577 sollius
331 522 499 577 auctoritato
521 519 658 588 suffulto,
681 525 714 573 ιιι
739 520 788 572 oin
806 523 924 586 propter
950 517 1155 571 αιίιοιιιιιιιίιιιιι

152 597 261 665 peretot
279 595 408 650 ἀιίιιιιιί.
429 595 503 649 Unde
522 595 554 663 tlt
571 597 605 647 ut
622 595 818 646 concurrentes
837 590 877 644 cd
896 590 1046 645 remedietur
1064 591 1159 658 pcrti-

155 669 260 730 testie,
281 674 338 723 tout
352 682 406 736 pro
425 667 560 723 librorum
577 665 755 733 confusione,
772 677 858 733 queat
878 663 963 718 etiem
978 678 1034 733 pro
1049 663 1156 732 ingenii

155 741 303 804 tarditate,
318 740 480 795 nuliatenus
494 740 534 793 cir
550 738 663 793 calcent
679 737 831 791 subvenire.

186 816 309 868 r'i'ertlo
326 827 385 868 cum
407 816 441 867 dc
461 821 535 866 sexto
557 820 704 877 precepto,
725 816 771 863 ant
785 809 949 863 ltatrimonio
970 817 1051 875 agnnt
1070 810 1155 863 nostri

157 888 324 950 rcasuistae,
344 887 536 953 turpitudinum
553 887 654 950 species
674 891 809 936 recensent
827 884 950 947 quidem,
968 882 1085 936 sednon
1106 885 1155 935 de-

155 977 168 1006 ·
187 962 318 1022 scribunt,
333 968 362 1012 ut
376 961 448 1011 ldent
465 961 577 1023 scriptor
594 957 704 1016 asserit,
726 964 772 1009 aut
788 958 865 1019 longe
882 958 969 1007 minus
986 955 1155 1016 describunt,

158 1051 168 1080 ι
187 1046 266 1099 quam
286 1046 331 1086 eas
351 1034 499 1086 describant
518 1040 620 1083 ueteres
638 1031 797 1091 canonista,
818 1030 1009 1093 scriptoresque
1027 1030 1156 1081 librorum

158 1107 423 1171 opoenitentiallum,
447 1105 592 1164 Praesules,
616 1110 662 1154 ant
685 1102 831 1167 Presbyteri
856 1102 1037 1163 sanctissimi,
1061 1115 1156 1166 nempe

159 1196 169 1226 ι
187 1179 340 1232 Theodorus
361 1179 505 1242 Episcopus
523 1174 719 1228 cantuariensis
737 1177 753 1226 i
772 1173 901 1226 vitaliano
918 1175 1005 1238 Papa,
1023 1181 1055 1229 ut
1076 1188 1159 1242 supra

158 1251 258 1313 odiri,
275 1253 304 1303 tn
325 1251 443 1314 ingliam
469 1250 581 1311 missus,
606 1248 678 1299 Beda
706 1260 759 1300 non
788 1245 906 1298 doctrina
932 1247 1035 1310 solunt,
1058 1249 1158 1302 sedet

157 1343 168 1371 ι
187 1326 323 1377 sanctitate
334 1324 465 1384 celebris,
483 1322 648 1374 burchardus
665 1322 810 1386 Episcopus
819 1321 1024 1384 vormaciensis,
1035 1332 1063 1375 et
1075 1325 1158 1376 biro-

158 1412 245 1450 »rnnt
266 1400 432 1459 bonoribus,
455 1411 486 1449 ac
508 1397 593 1449 titulis
611 1397 645 1448 ab
667 1396 791 1448 Ecclesiis
812 1393 966 1458 decoratus,
985 1395 1102 1463 allique,
1121 1412 1160 1453 et

158 1472 282 1536 »quibus
303 1472 465 1521 burchardus
485 1470 592 1536 (similla
611 1469 709 1520 habeut
726 1468 832 1533 reliqui)
853 1465 900 1519 tit.
916 1468 957 1520 iu.
977 1469 1157 1524 merciorum

159 1561 169 1589 ι
187 1552 249 1610 ccp.
261 1545 287 1596 ti.
299 1555 351 1593 nou
363 1544 448 1594 solnm
467 1555 557 1594 omues
574 1543 677 1605 species
693 1541 883 1605 turpitudinum
898 1549 1031 1602 recenset,
1047 1543 1095 1595 sed
1109 1556 1158 1596 eas

158 1635 168 1664 a
188 1616 384 1668 distinctissime
402 1616 543 1677 describit,
556 1614 606 1667 nec
623 1615 725 1679 species
743 1623 858 1674 tantum,
874 1612 922 1664 sed
937 1613 1030 1666 modos
1049 1628 1155 1676 omnes.
1201 1644 1206 1653 ·

159 1710 169 1736 ι
188 1689 286 1753 quibus
306 1688 360 1740 luec
377 1695 482 1752 peccma
500 1689 515 1739 a
533 1688 597 1738 uiris
615 1695 642 1738 et
659 1687 772 1738 toemiuis
791 1686 999 1745 committuntur,
1014 1694 1060 1739 ant
1076 1702 1157 1743 manu

158 1782 169 1810 ι
188 1776 250 1826 sua,
268 1769 313 1814 aut
330 1762 418 1814 medio
438 1762 526 1826 aliquo
544 1761 733 1820 lnstmmento,
753 1766 798 1811 aot
815 1771 918 1819 secum,
940 1767 985 1810 aut
1000 1772 1059 1811 cunr
1076 1762 1156 1825 aliis,

158 1854 168 1881 ι
188 1844 233 1886 aut
247 1842 321 1888 extra
339 1847 399 1897 ras,
414 1840 460 1886 aut
478 1835 530 1885 alio
551 1835 645 1898 quouis
664 1834 760 1894 modo,
781 1844 858 1896 quem
877 1832 963 1895 ipsum
977 1832 1083 1883 modom
1103 1847 1159 1887 non

159 1928 169 1955 ι
190 1910 289 1969 innuit,
310 1908 356 1961 sed
373 1907 481 1960 exhibet
497 1908 581 1959 oculis
601 1906 761 1965 clarissime,
779 1906 903 1969 solusque
921 1905 978 1967 ipse
995 1906 1055 1968 plns
1072 1908 1157 1971 dicit,

157 2001 169 2026 o
188 1996 265 2047 qnam
284 1981 395 2033 tortasse
412 1980 526 2032 dixerint
542 1990 633 2032 omnes
649 1979 733 2031 nostri
749 1978 887 2040 casuistae,
898 1984 1028 2042 quotquot
1038 1991 1154 2046 unquam

156 2073 171 2101 ι
188 2062 216 2106 et
226 2055 328 2118 uspiam
338 2054 490 2105 extiterunt.

190 2144 201 2174 ι
220 2128 302 2189 igitur
321 2137 489 2189 quecumque
508 2123 647 2189 displicent
664 2122 853 2182 incessistis,
870 2128 916 2173 ant
933 2121 1036 2188 culpam
1056 2124 1157 2178 nnllam

159 2217 169 2245 ι
188 2199 337 2259 continent,
357 2204 403 2247 ant
421 2208 478 2248 eam
500 2209 532 2246 ex
553 2209 605 2260 qua
628 2197 704 2259 louge
724 2198 808 2261 magis
830 2195 954 2258 culpandi
973 2201 1035 2247 sunt
1055 2198 1157 2263 antiqui

159 2290 168 2318 ι
189 2273 326 2330 Doctores,
351 2269 501 2333 lintresque.
523 2268 576 2320 lios
597 2277 684 2319 autem
704 2271 765 2332 quis
783 2270 889 2333 culpare
910 2267 1025 2319 audeat?
1043 2269 1111 2333 Ergo
1131 2273 1156 2323 si

159 2362 169 2388 ι
188 2343 340 2393 innocentes
354 2340 460 2393 inerunt
474 2341 544 2405 ipsi,
558 2349 586 2394 et
602 2341 755 2393 innocentes
768 2353 874 2406 quoqne
888 2346 949 2392 sunt
961 2353 995 2392 cx
1012 2339 1062 2393 boc
1072 2342 1158 2408 capite

158 2430 169 2460 ι
187 2414 321 2465 casuistae.

190 2503 201 2535 ι
219 2486 271 2539 sed
283 2485 350 2538 illud
360 2492 401 2538 cst
417 2497 525 2552 prorsus
541 2484 682 2546 mirabile,
698 2492 726 2538 et
738 2486 782 2537 rix
799 2484 942 2548 credibile,
954 2485 1158 2551 qnodrldelioet

158 2579 169 2609 ι
187 2560 305 2613 nonnulli
325 2572 358 2612 ex
373 2559 424 2620 iis,
441 2560 486 2624 qni
506 2558 633 2611 calumum
648 2559 826 2611 casuistarum
842 2557 1017 2623 redarguunt,
1033 2566 1158 2625 tunquam

156 2651 169 2679 ι
188 2647 280 2698 parum
302 2629 443 2705 pudicum,
465 2632 674 2684 confessionibus
696 2632 762 2696 ipsis
782 2641 940 2696 puerorum,
960 2637 989 2683 et
1012 2632 1159 2696 puellarum

158 2724 169 2755 ι
187 2708 406 2774 interrogationes
421 2707 534 2759 subinde
552 2700 721 2756 interserunt
732 2706 775 2771 (ex
789 2706 859 2756 bono
876 2705 963 2755 auimo
977 2705 1096 2770 quidem,
1108 2708 1158 2761 sed

158 2799 169 2829 ι
188 2794 241 2834 nou
252 2784 317 2834 satis
328 2779 461 2847 prudenti)
473 2779 539 2831 nihil
552 2779 679 2843 pudicas,
690 2791 738 2829 nec
757 2778 841 2829 solum
858 2777 966 2828 minime
981 2782 1158 2845 necessarias,

158 2872 169 2902 ι
189 2855 236 2905 sed
247 2854 388 2919 aliquando
400 2852 574 2916 perniciosas,
584 2858 614 2902 ut
624 2857 727 2901 constat
737 2862 780 2901 eas
795 2863 847 2900 non
859 2849 940 2900 semel
951 2849 1034 2903 luisse
1046 2853 1159 2918 puellis,

159 2928 338 2992 »huiusmodi
359 2927 508 2979 ioeditatum
528 2934 667 2989 antequam
684 2926 906 2987 interrogarentur
921 2936 1029 2987 prorsus
1049 2925 1159 2990 ignaris.

159 3019 169 3049 ι
188 3000 251 3063 Qols
267 3001 434 3060 consideat,
447 3013 525 3064 quam
541 3000 591 3050 ista
605 3011 693 3049 secum
704 2997 837 3061 pugnent?
848 2998 886 3048 Αιι
899 2996 1009 3049 dedecet
1023 2999 1071 3050 bas
1081 3013 1162 3063 spnr·

159 3090 169 3122 ι
187 3074 265 3126 eilias
280 3075 379 3126 calamo
396 3085 515 3133 uersare,
530 3072 618 3135 lingna
634 3079 722 3122 autem
739 3070 834 3121 decetl
848 3071 886 3120 tn
900 3070 992 3133 majori
1008 3083 1067 3122 com
1083 3083 1161 3124 rere·

159 3166 170 3195 ι
188 3148 272 3199 tentia
287 3148 421 3200 tractanda
435 3155 477 3200 est
489 3146 597 3196 materia
613 3144 736 3203 moralis,
749 3155 826 3206 quam
844 3143 1054 3195 Sacramentum?
1064 3144 1103 3196 An
1117 3151 1161 3197 est

159 3240 170 3271 ι
188 3221 335 3285 religiosior
354 3233 427 3272 mens
445 3227 473 3272 et
484 3220 575 3271 octrlus
591 3218 707 3268 uirorum
723 3217 880 3280 legentium,
898 3228 975 3281 quam
993 3230 1071 3270 aures
1086 3219 1160 3282 puel·

159 3311 169 3341 ι
191 3295 273 3344 larunt
289 3291 470 3345 audientium?
487 3294 524 3343 Αιι
541 3292 703 3355 periclitatur
722 3292 805 3352 magis
822 3291 945 3341 bonestas
961 3290 1073 3353 legentis
1089 3292 1162 3342 con-

159 3383 170 3412 »
188 3364 307 3425 fossarii,
317 3376 394 3428 quam
406 3364 567 3429 periclitetur
576 3364 700 3413 honestas
711 3362 842 3413 audientis
853 3361 945 3424 puellae
955 3361 1031 3411 tacite
1042 3363 1162 3425 putantis

158 3455 170 3481 ι
189 3437 335 3489 communia
352 3449 411 3489 esse
429 3450 461 3488 ea
483 3436 593 3496 delicia,
613 3436 647 3486 dc
667 3435 765 3499 quibus
780 3448 871 3486 omnes
890 3434 1102 3497 interrogantur?
1118 3435 1161 3487 An

159 3525 169 3555 r
189 3510 293 3560 demunt
316 3509 391 3572 culpa
410 3521 463 3559 non
482 3517 567 3569 caret,
586 3507 631 3570 qui
652 3507 687 3559 de
706 3508 819 3571 pecmtis
839 3506 1008 3571 impudicitiae
1025 3507 1080 3571 agit
1097 3519 1162 3561 cum

160 3597 170 3622 ι
189 3579 340 3640 lectoribus,
349 3592 459 3641 quorum
471 3581 590 3642 plerique
599 3581 649 3628 ista
661 3593 712 3630 non
725 3580 854 3643 ignorant,
863 3592 913 3630 nec
922 3580 1042 3642 ignorare
1050 3578 1160 3642 debent,

159 3664 170 3692 ι
187 3655 219 3697 ut
229 3658 261 3699 ea
276 3659 367 3701 curare
381 3653 481 3711 sciant3
493 3651 570 3712 culpa
581 3654 670 3701 nutem
687 3652 788 3704 carebit
801 3652 849 3716 qui
864 3650 897 3704 tle
914 3650 1015 3705 eisdem
1032 3650 1087 3715 agit
1096 3662 1160 3701 cum
