2617 4192
210 289 231 351 8
390 316 396 323 -
451 277 559 347 tiit.
577 281 675 347 Teati.
693 280 722 341 1.
735 274 974 343 amedaeo.

206 376 307 455 Nullo
317 372 433 443 meliori
451 366 586 437 modode
599 371 659 435 Dei
679 365 828 448 onium
842 368 941 449 operti
951 382 1011 429 ‚uos
1021 373 1113 431 certor
1131 367 1221 449 fieri,

210 464 300 546 pedm
309 478 363 543 per
381 452 522 531 tandm
542 453 734 519 obedientiam
749 452 844 532 ipsine
865 451 1027 533 nepeta
1041 453 1103 515 linc
1129 454 1223 516 etiam

211 545 369 609 confirmat
386 536 624 605 alcanedi
642 556 747 615 omer,
763 535 799 598 de
819 544 907 616 temp.
918 531 982 595 ord.
996 532 1077 614 lits.
1093 537 1127 598 io
1137 536 1220 617 fine,

211 628 405 695 ubidicitur:
419 625 454 689 st
476 626 542 686 oeci
554 620 678 684 dubiam
698 622 737 684 rit
760 627 954 702 preceptum,
971 627 1092 700 propter
1110 618 1223 685 bonnm

211 710 379 777 obedientie
402 707 736 786 excusatorcipeccnto,
761 702 827 765 ttcu
846 704 880 763 in
899 702 1020 763 veritate
1031 703 1073 764 sit
1091 702 1220 767 maiam

210 794 481 859 ldcrndiciturinc.
495 788 572 866 Quid
581 786 728 870 culpetur,
737 807 820 849 cone.
830 788 954 866 nial.
964 787 1224 868 S.Bernardns(de

209 883 354 961 Praecept.
371 876 613 957 etDiapencnt.c.
628 872 743 951 dilicit
756 895 765 932 r
781 867 930 952 Quidquid
939 870 999 931 oice
1014 873 1072 933 Dei
1085 877 1227 955 proecipit

209 963 313 1040 buco,
328 958 406 1045 quod
416 958 524 1021 nonsit
539 965 636 1018 tomen
647 967 757 1018 certum
767 953 916 1037 displicere
934 958 1015 1031 Deo,
1034 954 1117 1018 band
1138 960 1224 1023 aeaeis

211 1049 332 1113 mirano
344 1040 543 1125 accipiendum
562 1050 624 1116 est,
635 1043 761 1122 quamsi
780 1039 1034 1120 precipiatDeua.
1046 1041 1076 1099 S.
1091 1044 1222 1119 lgnatius

210 1131 311 1210 Lnjola
328 1129 374 1208 (in
393 1126 514 1188 constit.
526 1126 590 1186 Soc.
608 1124 729 1203 desuda
745 1120 941 1203 obediendam
951 1122 985 1182 ia
996 1123 1129 1186 omnibu
1138 1171 1149 1201 ‚
1168 1128 1226 1189 ubi

208 1222 359 1298 peccaturo
381 1229 442 1273 uon
463 1209 611 1284 cernitur,
642 1208 675 1268 id
699 1218 743 1268 eet
761 1209 812 1286 (nt
828 1208 862 1266 in
882 1204 1028 1284 deciae),
1060 1207 1093 1268 in
1113 1210 1222 1290 quibus

211 1296 328 1359 unitum
349 1291 540 1374 manifestum
566 1301 609 1354 est
628 1300 789 1372 peccatam.
816 1293 850 1349 B.
879 1290 1064 1353 flambertus
1077 1294 1125 1370 (io
1147 1290 1170 1354 l.
1185 1293 1223 1358 de

210 1381 308 1444 Erud.
321 1377 374 1441 ccl.
383 1398 408 1439 c.
423 1376 465 1454 1.)
476 1401 487 1436 .·
500 1377 571 1438 Nisi
579 1378 677 1457 aperti
688 1379 728 1437 ait
738 1372 939 1456 matomqnoc
950 1378 1134 1457 precipitur,
1146 1381 1223 1443 occi-

203 1460 351 1547 picndom
368 1471 456 1525 escae
477 1461 537 1522 sin
557 1463 618 1521 Deo
639 1461 857 1542 preciperetur.
878 1462 913 1523 B.
933 1461 1092 1539 Dionysius
1104 1464 1221 1525 Certus.

211 1548 257 1629 (ire
266 1552 295 1611 2.
315 1547 373 1611 dtr.
386 1549 435 1609 to.
450 1566 480 1629 q.
489 1545 533 1625 5.)
549 1566 560 1605 .·
575 1548 613 1606 ln
626 1543 723 1606 dubiis
736 1563 778 1604 on
790 1545 831 1604 ait
845 1551 947 1604 contro
957 1553 1131 1625 preceptum
1144 1549 1204 1609 Dei
1212 1594 1221 1622 ‚

210 1631 352 1696 stolidum
372 1641 415 1695 eat
432 1639 575 1713 praecepto
596 1626 733 1709 prelati,
760 1629 833 1708 quin
857 1628 911 1688 ent
932 1629 1083 1689 sitcoatra
1099 1634 1219 1710 Decor,

212 1725 342 1778 uttaoecu
351 1725 471 1797 proptor
483 1713 647 1777 obedientie
668 1712 776 1775 warum
793 1730 854 1774 noa
864 1721 962 1794 peccat
983 1712 1125 1783 auiditate.
1139 1717 1222 1779 tecm

213 1801 299 1864 docet
313 1803 345 1865 S.
353 1804 469 1863 Bonna.
483 1801 517 1861 in
525 1800 605 1880 Spec.
617 1796 691 1859 disc.
706 1817 731 1858 c.
741 1801 772 1865 l.

262 1887 362 1949 15.-
384 1883 779 1965 Quapropterconlessarius
799 1883 885 1946 enixi
908 1892 990 1947 curet
1012 1882 1223 1964 penitentibus

212 1973 357 2051 scrupulis
369 1972 477 2031 vexatis
492 1969 632 2039 suadere,
648 1966 730 2045 qnbd
747 1969 869 2029 omnini
882 1979 961 2031 tutus
984 1972 1092 2035 incedit
1103 1973 1158 2048 qui
1176 1975 1222 2032 sui

213 2057 366 2117 directaris
385 2056 512 2117 consiliis
530 2053 685 2130 acquiescit
709 2061 738 2112 ct
753 2052 933 2129 obtemperat
953 2055 985 2112 in
1007 2056 1166 2129 omnibus..
1191 2058 1223 2118 in

214 2140 321 2217 quibus
335 2140 453 2199 evidens
469 2146 619 2214 peccatum
636 2157 698 2199 nnn
708 2143 844 2214 apparet3
857 2144 928 2194 tunc
939 2138 1020 2201 enim
1032 2156 1093 2197 non
1105 2139 1224 2202 homini

214 2222 315 2284 obedit
326 2267 335 2293 ‚
347 2222 397 2282 sed
411 2223 466 2299 ipsi
478 2224 539 2280 Deo
553 2222 677 2283 dicenti:
692 2216 925 2298 Quirenarum,
941 2236 985 2279 me
1004 2218 1108 2294 oreditr
1127 2232 1158 2281 et·
1169 2227 1226 2304 qui

213 2307 407 2385 ooa'speruit,
425 2322 471 2364 uec
482 2306 603 2385 aperuit.
618 2309 704 2368 anae
718 2325 743 2365 c.
752 2306 800 2387 10.
809 2302 853 2377 ff.
865 2305 913 2363 16.
925 2300 1031 2364 contri
1041 2301 1114 2364 verb
1125 2305 1228 2368 incul-

214 2400 273 2460 cot,
284 2408 389 2466 magno
401 2407 461 2448 suae
472 2389 571 2446 salutis
581 2387 745 2449 discrimini
757 2397 789 2449 s'e
799 2387 995 2461 committere,
1006 2388 1057 2464 qut
1067 2392 1226 2467 preceptis

205 2477 260 2553 'sui
268 2473 434 2535 confessarii
443 2472 542 2532 renuit
552 2471 747 2533 obedientiam
757 2480 893 2549 praestare
902 2472 1078 2547 3tuncenim
1091 2474 1224 2551 periculo

214 2581 246 2624 sc
258 2557 378 2637 exponit
386 2557 538 2621 amittendi
548 2575 609 2617 non
616 2555 733 2616 tantiam
745 2557 842 2619 cordis
851 2575 950 2634 paoem
959 2557 1179 2629 ‚devotionem,
1192 2569 1224 2622 et

206 2645 248 2719 ‘in
272 2644 381 2704 virtute
403 2659 610 2720 progressum,
632 2638 739 2699 verium
770 2639 861 2698 etiam
882 2649 1016 2707 mentem
1040 2641 1123 2717 (quot
1141 2642 1224 2705 enirn

214 2726 377 2807 scrupulosi
390 2725 562 2786 obedienciae
574 2744 635 2789 non
648 2725 863 2801 acquiescentes
885 2723 917 2783 in
934 2725 1089 2785 amentiam
1110 2725 1223 2787 cecide·

214 2821 287 2879 runt
298 2811 319 2890 !)
333 2811 405 2871 item
428 2810 559 2888 corporis
580 2808 802 2883 ualetudinem
822 2804 900 2878 imb,
915 2809 995 2885 quod
1015 2807 1142 2869 deterius
1158 2818 1221 2882 est,

214 2898 305 2961 ctiam
329 2897 436 2959 anima
455 2894 600 2972 jacturam
623 2891 772 2961 faciendi,
800 2909 870 2951 nam
891 2890 928 2953 eb
955 2902 1070 2971 possent
1091 2895 1222 2971 serapidi

214 2978 372 3051 devenire,
396 2987 430 3038 ut
443 2977 479 3037 ad
495 2987 606 3037 tanum
620 2995 691 3037 eum
707 2974 875 3052 redigerent
891 2975 1223 3054 desperationemque

214 3064 263 3124 vcl
285 3064 403 3125 sibimet
415 3070 541 3121 mortem
553 3062 674 3125 inferret
690 3104 699 3134 ‚
713 3069 747 3120 ut
759 3058 895 3138 pluribus
908 3062 1052 3138 contigit,
1070 3060 1118 3121 vel
1132 3068 1165 3121 ut
1180 3061 1223 3120 sic

177 3155 180 3161 '
215 3145 253 3207 dc
263 3164 314 3207 sna
325 3147 418 3209 salute
431 3145 603 3229 desperans,
615 3144 743 3206 habenas
756 3142 795 3204 ad
809 3143 910 3206 omnia
932 3144 1005 3204 vitia
1024 3143 1223 3223 amplectenda

214 3230 335 3295 laxaret.
1009 3280 1011 3285 ⁴
1048 3278 1050 3283 ,

209 3306 224 3385 J
255 3317 304 3376 tt.
319 3349 358 3361 -
374 3317 518 3381 Praeterea
544 3323 655 3396 satagat
678 3314 808 3394 prudens
829 3312 1031 3375 'confessarius
1055 3312 1226 3390 hujusmodi

210 3400 424 3483 paenitentibus
455 3402 570 3478 regulas
596 3399 694 3479 potiris
723 3399 893 3477 generales,
918 3397 1010 3476 'quam
1038 3398 1226 3475 particulares

215 3483 422 3560 praescribcre3
432 3484 541 3561 regulis
551 3486 631 3549 eninr
643 3484 876 3562 particularibus
886 3482 1048 3559 scrupulosi
1064 3478 1125 3541 sere
1138 3499 1228 3545 num·

215 3581 304 3639 quam
316 3580 347 3623 se
357 3566 502 3625 resolvere
520 3567 620 3629 valent
635 3567 673 3625 ad
693 3566 895 3644 operandum
915 3566 984 3644 quia
1004 3580 1120 3643 semper
1140 3563 1228 3627 dubi·

215 3649 301 3716 tant,
322 3660 360 3705 an
374 3646 538 3727 regulailla
552 3651 723 3727 praescripta
742 3650 833 3727 possit
848 3650 1019 3727 valere-pro
1032 3665 1101 3713 casn
1124 3664 1228 3723 occur
